% Encoding: UTF-8

@InCollection{Bryant:2000,
  Title                    = {{\'E}lie {C}artan and geometric duality},
  Author                   = {Bryant, Robert},
  Pages                    = {5--20},

  Crossref                 = {Cartan:2000},
  Url                      = {http://www.math.duke.edu/~bryant/Cartan.pdf}
}

@InProceedings{LandsbergManivel:2004,
  Title                    = {Representation theory and projective geometry},
  Author                   = {Landsberg, Joseph M. and Manivel, Laurent},
  Pages                    = {69--122},

  Crossref                 = {Popov:2004}
}

@Article{Cap:2005,
  Title                    = {Two constructions with parabolic geometries},
  Author                   = {{\v{C}}ap, Andreas},
  Journal                  = {Rend. Circ. Mat. Palermo (2) Suppl.},
  Year                     = {2006},
  Number                   = {79},
  Pages                    = {11--37},

  Fjournal                 = {Rendiconti del Circolo Matematico di Palermo. Serie II. Supplemento},
  Mrclass                  = {53C30 (53C28)},
  Mrnumber                 = {MR2287124 (2008a:53049)},
  Mrreviewer               = {Daniel J. F. Fox}
}

@Article{Cap:2001,
  Title                    = {Correspondence spaces and twistor spaces for parabolic geometries},
  Author                   = {{\v{C}}ap, Andreas},
  Journal                  = {J. Reine Angew. Math.},
  Year                     = {2005},
  Pages                    = {143--172},
  Volume                   = {582},

  Coden                    = {JRMAA8},
  Doi                      = {10.1515/crll.2005.2005.582.143},
  Fjournal                 = {Journal f\"ur die Reine und Angewandte Mathematik},
  ISSN                     = {0075-4102},
  Mrclass                  = {32L25 (22E30 53C28)},
  Mrnumber                 = {2139714 (2006h:32017)},
  Mrreviewer               = {A. Rod Gover},
  Url                      = {http://dx.doi.org/10.1515/crll.2005.2005.582.143}
}

@Article{Cap/Neusser:2008,
  Title                    = {On automorphism groups of some types of generic distributions},
  Author                   = {{\v{C}}ap, Andreas and Neusser, Katharina},
  Journal                  = {Differential Geom. Appl.},
  Year                     = {2009},
  Number                   = {6},
  Pages                    = {769--779},
  Volume                   = {27},

  Coden                    = {DGAPEO},
  Doi                      = {10.1016/j.difgeo.2009.05.003},
  Fjournal                 = {Differential Geometry and its Applications},
  ISSN                     = {0926-2245},
  Mrclass                  = {53C05 (58A30)},
  Mrnumber                 = {2552685 (2010m:53032)},
  Mrreviewer               = {Peter J. Vassiliou},
  Url                      = {http://dx.doi.org/10.1016/j.difgeo.2009.05.003}
}

@Book{Cap/Slovak:2009,
  Title                    = {Parabolic geometries. {I}},
  Author                   = {{\v{C}}ap, Andreas and Slov{\'a}k, Jan},
  Publisher                = {American Mathematical Society},
  Year                     = {2009},

  Address                  = {Providence, RI},
  Note                     = {Background and general theory},
  Series                   = {Mathematical Surveys and Monographs},
  Volume                   = {154},

  ISBN                     = {978-0-8218-2681-2},
  Mrclass                  = {53C10 (17B60 22E60 53A55 53C30 58J70)},
  Mrnumber                 = {2532439 (2010j:53037)},
  Mrreviewer               = {Stuart Armstrong},
  Owner                    = {ben},
  Pages                    = {x+628},
  Timestamp                = {2012.03.18}
}

@Article{Abate/Bracci/Suwa/Tovena:2013,
  Title                    = {Localization of {A}tiyah classes},
  Author                   = {Abate, Marco and Bracci, Filippo and Suwa, Tatsuo and Tovena, Francesca},
  Journal                  = {Rev. Mat. Iberoam.},
  Year                     = {2013},
  Number                   = {2},
  Pages                    = {547--578},
  Volume                   = {29},

  Doi                      = {10.4171/RMI/730},
  Fjournal                 = {Revista Matem\'atica Iberoamericana},
  ISSN                     = {0213-2230},
  Mrclass                  = {32L20 (14C17 32A27 37F75 53C05 57R20 58A30)},
  Mrnumber                 = {3047428},
  Mrreviewer               = {Ahmed Lesfari},
  Owner                    = {user},
  Timestamp                = {2017.04.11},
  Url                      = {http://0-dx.doi.org.library.ucc.ie/10.4171/RMI/730}
}

@Book{Abraham/Marsden:1978,
  author     = {Abraham, Ralph and Marsden, Jerrold E.},
  publisher  = {Benjamin/Cummings Publishing Co. Inc. Advanced Book Program},
  title      = {Foundations of mechanics},
  year       = {1978},
  address    = {Reading, Mass.},
  isbn       = {0-8053-0102-X},
  note       = {Second edition, revised and enlarged, With the assistance of Tudor Ra\c tiu and Richard Cushman},
  mrclass    = {58Fxx (70-02 70F07)},
  mrnumber   = {81e:58025},
  mrreviewer = {D. L. Rod},
  pages      = {xxii+806},
}

@Article{Abramovich/Karu/Matsuki/Wlodarczyk:2002,
  author     = {Abramovich, Dan and Karu, Kalle and Matsuki, Kenji and W{\l}odarczyk, Jaros{\l}aw},
  journal    = {J. Amer. Math. Soc.},
  title      = {Torification and factorization of birational maps},
  year       = {2002},
  issn       = {0894-0347},
  number     = {3},
  pages      = {531--572},
  volume     = {15},
  doi        = {10.1090/S0894-0347-02-00396-X},
  fjournal   = {Journal of the American Mathematical Society},
  mrclass    = {14E05 (14E15 14L24)},
  mrnumber   = {1896232},
  mrreviewer = {Alexandr V. Pukhlikov},
  owner      = {user},
  timestamp  = {2016.08.18},
  url        = {http://0-dx.doi.org.library.ucc.ie/10.1090/S0894-0347-02-00396-X},
}

@Article{Adachi/Suzuki/Yoshida:1973,
  Title                    = {Continuation of holomorphic mappings, with values in a complex {L}ie group},
  Author                   = {Adachi, Kenz{\=o} and Suzuki, M. and Yoshida, Minoru W.},
  Journal                  = {Pacific J. Math.},
  Year                     = {1973},
  Pages                    = {1--4},
  Volume                   = {47},

  Fjournal                 = {Pacific Journal of Mathematics},
  ISSN                     = {0030-8730},
  Mrclass                  = {32D15},
  Mrnumber                 = {MR0352526 (50 \#5013)},
  Mrreviewer               = {H. Rohrl}
}

@InCollection{Aeppli:1965,
  Title                    = {On the cohomology structure of {S}tein manifolds},
  Author                   = {Aeppli, A.},
  Booktitle                = {Proc. {C}onf. {C}omplex {A}nalysis ({M}inneapolis, {M}inn., 1964)},
  Publisher                = {Springer},
  Year                     = {1965},

  Address                  = {Berlin},
  Pages                    = {58--70},

  Mrclass                  = {57.60 (32.00)},
  Mrnumber                 = {MR0221536 (36 \#4588)},
  Mrreviewer               = {A. Morimoto}
}

@Article{AkbarZadeh:1983,
  Title                    = {Sur les espaces de {F}insler isotropes \`a courbures non positives},
  Author                   = {Akbar-Zadeh, Hassan},
  Journal                  = {C. R. Acad. Sci. Paris S\'er. I Math.},
  Year                     = {1983},
  Number                   = {1},
  Pages                    = {73--76},
  Volume                   = {296},

  Coden                    = {CHASAP},
  Fjournal                 = {Comptes Rendus des S\'eances de l'Acad\'emie des Sciences. S\'erie I. Math\'ematique},
  ISSN                     = {0249-6321},
  Mrclass                  = {53C60},
  Mrnumber                 = {84e:53079}
}

@Book{Akhiezer:1995,
  Title                    = {Lie group actions in complex analysis},
  Author                   = {Akhiezer, Dmitri N.},
  Publisher                = {Friedr. Vieweg \& Sohn, Braunschweig},
  Year                     = {1995},
  Series                   = {Aspects of Mathematics, E27},

  Doi                      = {10.1007/978-3-322-80267-5},
  ISBN                     = {3-528-06420-X},
  Mrclass                  = {32M05 (22-02 22E10 32M10)},
  Mrnumber                 = {1334091},
  Mrreviewer               = {B. Gilligan},
  Owner                    = {user},
  Pages                    = {viii+201},
  Timestamp                = {2016.08.10},
  Url                      = {http://0-dx.doi.org.library.ucc.ie/10.1007/978-3-322-80267-5}
}

@Article{Alekseevsky:1997,
  Title                    = {Flag manifolds},
  Author                   = {Alekseevsky, D. V.},
  Journal                  = {Zb. Rad. Mat. Inst. Beograd. (N.S.)},
  Year                     = {1997},
  Note                     = {11th Yugoslav Geometrical Seminar (Div{\v{c}}ibare, 1996)},
  Pages                    = {3--35},
  Volume                   = {6(14)},

  Fjournal                 = {Beograd. Matemati\v cki Institut. Zbornik Radova. Nova Serija},
  Mrclass                  = {53C30 (17B20 32M10 53C55)},
  Mrnumber                 = {1491979},
  Mrreviewer               = {A. L. Onishchik},
  Owner                    = {user},
  Timestamp                = {2017.03.14}
}

@Article{Alekseevsky/Michor:1995,
  Title                    = {Differential geometry of {C}artan connections},
  Author                   = {Alekseevsky, Dmitri V. and Michor, Peter W.},
  Journal                  = {Publ. Math. Debrecen},
  Year                     = {1995},
  Number                   = {3-4},
  Pages                    = {349--375},
  Volume                   = {47},

  Coden                    = {PUMAAR},
  Fjournal                 = {Publicationes Mathematicae Debrecen},
  ISSN                     = {0033-3883},
  Mrclass                  = {53C05 (53C10)},
  Mrnumber                 = {MR1362298 (96h:53029)},
  Mrreviewer               = {Fernando Etayo Gordejuela}
}

@Book{CRCOne,
  Title                    = {C{RC} handbook of {L}ie group analysis of differential equations. {V}ol. 1},
  Author                   = {Ames, W. F. and Anderson, R. L. and Dorodnitsyn, V. A. and Ferapontov, E. V. and Gazizov, R. K. and Ibragimov, N. H. and Svirshchevski\u{\i}, S. R.},
  Publisher                = {CRC Press},
  Year                     = {1994},

  Address                  = {Boca Raton, FL},
  Note                     = {Symmetries, exact solutions and conservation laws},

  ISBN                     = {0-8493-4488-3},
  Mrclass                  = {58G35 (00A20 22E05 35A30 58-02)},
  Mrnumber                 = {95h:58145},
  Mrreviewer               = {Niky Kamran},
  Pages                    = {xiv+429}
}

@Article{Amores:1979,
  Title                    = {Vector fields of a finite type {$G$}-structure},
  Author                   = {Amores, A. M.},
  Journal                  = {J. Differential Geom.},
  Year                     = {1979},
  Number                   = {1},
  Pages                    = {1--6 (1980)},
  Volume                   = {14},

  Coden                    = {JDGEAS},
  Fjournal                 = {Journal of Differential Geometry},
  ISSN                     = {0022-040X},
  Mrclass                  = {53C10},
  Mrnumber                 = {577874},
  Mrreviewer               = {R. J. Crittenden},
  Owner                    = {user},
  Timestamp                = {2016.08.04},
  Url                      = {http://projecteuclid.org/euclid.jdg/1214434847}
}

@Book{CRCThree,
  Title                    = {C{RC} handbook of {L}ie group analysis of differential equations. {V}ol. 3},
  Author                   = {Anderson, R. L. and Baikov, V. A. and Gazizov, R. K. and Hereman, W. and Ibragimov, N. H. and Mahomed, F. M. and Meleshko, S. V. and Nucci, M. C. and Olver, P. J. and Sheftel{\cprime}, M. B. and Turbiner, A. V. and Vorob{\cprime}ev, E. M.},
  Publisher                = {CRC Press},
  Year                     = {1996},

  Address                  = {Boca Raton, FL},
  Note                     = {New trends in theoretical developments and computational methods, With 1 IBM-PC floppy disk (3.5 inch; HD)},

  ISBN                     = {0-8493-9419-8},
  Mrclass                  = {58G35 (00A20 22E05 34A34 35-04 35A30 58-02)},
  Mrnumber                 = {98b:58176},
  Mrreviewer               = {Juha Pohjanpelto},
  Pages                    = {xvi+536}
}

@Book{Arnold:1988,
  Title                    = {Geometrical methods in the theory of ordinary differential equations},
  Author                   = {Arnol{\cprime}d, V. I.},
  Publisher                = {Springer-Verlag},
  Year                     = {1988},

  Address                  = {New York},
  Edition                  = {Second},
  Note                     = {Translated from the Russian by Joseph Sz\"ucs [J\'ozsef M. Sz\H ucs]},
  Series                   = {Grundlehren der Mathematischen Wissenschaften [Fundamental Principles of Mathematical Sciences]},
  Volume                   = {250},

  ISBN                     = {0-387-96649-8},
  Mrclass                  = {58Fxx (34Cxx 70H05 70K30 70K99)},
  Mrnumber                 = {MR947141 (89h:58049)},
  Pages                    = {xiv+351}
}

@Article{Atiyah:1957,
  Title                    = {Complex analytic connections in fibre bundles},
  Author                   = {Atiyah, M. F.},
  Journal                  = {Trans. Amer. Math. Soc.},
  Year                     = {1957},
  Pages                    = {181--207},
  Volume                   = {85},

  Fjournal                 = {Transactions of the American Mathematical Society},
  ISSN                     = {0002-9947},
  Mrclass                  = {53.3X},
  Mrnumber                 = {MR0086359 (19,172c)},
  Mrreviewer               = {F. Hirzebruch}
}

@Article{Atiyah/Hirzebruch:1959,
  Title                    = {Riemann-{R}och theorems for differentiable manifolds},
  Author                   = {Atiyah, M. F. and Hirzebruch, F.},
  Journal                  = {Bull. Amer. Math. Soc.},
  Year                     = {1959},
  Pages                    = {276--281},
  Volume                   = {65},

  Doi                      = {10.1090/S0002-9904-1959-10344-X},
  Fjournal                 = {Bulletin of the American Mathematical Society},
  ISSN                     = {0002-9904},
  Mrclass                  = {57.00},
  Mrnumber                 = {0110106},
  Mrreviewer               = {M. A. Kervaire},
  Owner                    = {user},
  Timestamp                = {2017.07.26},
  Url                      = {http://0-dx.doi.org.library.ucc.ie/10.1090/S0002-9904-1959-10344-X}
}

@Book{Aubin:1998,
  Title                    = {Some nonlinear problems in {R}iemannian geometry},
  Author                   = {Aubin, Thierry},
  Publisher                = {Springer-Verlag},
  Year                     = {1998},

  Address                  = {Berlin},
  Series                   = {Springer Monographs in Mathematics},

  ISBN                     = {3-540-60752-8},
  Mrclass                  = {58-02 (35J60 35N99 46N20 53C21 53C25 53C55 58E20)},
  Mrnumber                 = {99i:58001},
  Mrreviewer               = {John M. Lee},
  Pages                    = {xviii+395}
}

@Article{Baez:2002,
  Title                    = {The octonions},
  Author                   = {Baez, John C.},
  Journal                  = {Bull. Amer. Math. Soc. (N.S.)},
  Year                     = {2002},
  Number                   = {2},
  Pages                    = {145--205 (electronic)},
  Volume                   = {39},

  Coden                    = {BAMOAD},
  Fjournal                 = {American Mathematical Society. Bulletin. New Series},
  ISSN                     = {0273-0979},
  Mrclass                  = {17A35 (01A55 01A60 17C40 83A05)},
  Mrnumber                 = {2003f:17003},
  Mrreviewer               = {Helena Albuquerque}
}

@Article{Ballico:2002,
  Title                    = {Holomorphic vector bundles on {${\mathbf C}^2 \backslash \{0\}$}},
  Author                   = {Ballico, E.},
  Journal                  = {Israel J. Math.},
  Year                     = {2002},
  Pages                    = {197--204},
  Volume                   = {128},

  Coden                    = {ISJMAP},
  Fjournal                 = {Israel Journal of Mathematics},
  ISSN                     = {0021-2172},
  Mrclass                  = {32L05 (32C35)},
  Mrnumber                 = {MR1910381 (2003f:32021)},
  Mrreviewer               = {Andrei Baran}
}

@Article{Bambusi:1999,
  Title                    = {On the {D}arboux theorem for weak symplectic manifolds},
  Author                   = {Bambusi, Dario},
  Journal                  = {Proc. Amer. Math. Soc.},
  Year                     = {1999},
  Number                   = {11},
  Pages                    = {3383--3391},
  Volume                   = {127},

  Coden                    = {PAMYAR},
  Fjournal                 = {Proceedings of the American Mathematical Society},
  ISSN                     = {0002-9939},
  Mrclass                  = {58B20 (37J05)},
  Mrnumber                 = {2000d:58006},
  Mrreviewer               = {C. Eugene Wayne}
}

@Book{Barth/Peters/VanDenVen:1984,
  Title                    = {Compact complex surfaces},
  Author                   = {Barth, W. and Peters, C. and Van den Ven, A.},
  Publisher                = {Springer Verlag},
  Year                     = {1984},

  Address                  = {Heidelberg},
  Series                   = {Ergebnisse},
  Volume                   = {4}
}

@Book{Baston/Eastwood:1989,
  Title                    = {The {P}enrose transform},
  Author                   = {Baston, Robert J. and Eastwood, Michael G.},
  Publisher                = {The Clarendon Press Oxford University Press},
  Year                     = {1989},

  Address                  = {New York},
  Note                     = {Its interaction with representation theory, Oxford Science Publications},
  Series                   = {Oxford Mathematical Monographs},

  ISBN                     = {0-19-853565-1},
  Mrclass                  = {32L25 (22E45 32M10 81R25)},
  Mrnumber                 = {MR1038279 (92j:32112)},
  Mrreviewer               = {Vladimir Sou{\u{c}}ek},
  Pages                    = {xvi+213}
}

@Article{Baum/Bott:1972,
  Title                    = {Singularities of holomorphic foliations},
  Author                   = {Baum, Paul and Bott, Raoul},
  Journal                  = {J. Differential Geometry},
  Year                     = {1972},
  Pages                    = {279--342},
  Volume                   = {7},

  Fjournal                 = {Journal of Differential Geometry},
  ISSN                     = {0022-040X},
  Mrclass                  = {57D30 (32A25)},
  Mrnumber                 = {0377923 (51 \#14092)},
  Mrreviewer               = {D. B. Fuks},
  Owner                    = {ben},
  Timestamp                = {2014.08.08}
}

@Article{Beloshapka/Ezhov/Schmalz:2005,
  Title                    = {Canonical {C}artan connection and holomorphic invariants on {E}ngel {CR} manifolds},
  Author                   = {Beloshapka, V. and Ezhov, Vladimir and Schmalz, Gerd},
  Journal                  = {Russ. J. Math. Phys.},
  Year                     = {2007},
  Note                     = {arxiv:math.CV/0508084v1},
  Number                   = {2},
  Pages                    = {121--133},
  Volume                   = {14},

  Fjournal                 = {Russian Journal of Mathematical Physics},
  ISSN                     = {1061-9208},
  Mrclass                  = {32Vxx},
  Mrnumber                 = {MR2318824}
}

@Article{Bernstein/Gelfand/Gelfand:1973a,
  Title                    = {Schubert cells and the cohomology of a flag space},
  Author                   = {Bern{\v{s}}te{\u\i}n, I. N. and Gel{\cprime}fand, I. M. and Gel{\cprime}fand, S. I.},
  Journal                  = {Funkcional. Anal. i Prilo\v zen.},
  Year                     = {1973},
  Number                   = {1},
  Pages                    = {64--65},
  Volume                   = {7},

  Fjournal                 = {Akademija Nauk SSSR. Funkcional\cprime nyi Analiz i ego Prilo\v zenija},
  ISSN                     = {0374-1990},
  Mrclass                  = {14M15 (20G20 57F15)},
  Mrnumber                 = {MR0318166 (47 \#6713)},
  Mrreviewer               = {E. Vinberg}
}

@Book{Besse:1987,
  Title                    = {Einstein manifolds},
  Author                   = {Besse, Arthur L.},
  Publisher                = {Springer-Verlag},
  Year                     = {1987},

  Address                  = {Berlin},
  Series                   = {Ergebnisse der Mathematik und ihrer Grenzgebiete (3) [Results in Mathematics and Related Areas (3)]},
  Volume                   = {10},

  ISBN                     = {3-540-15279-2},
  Mrclass                  = {53C25 (53-02 53C21 53C30 53C55 58D17 58E11)},
  Mrnumber                 = {88f:53087},
  Mrreviewer               = {S. M. Salamon},
  Pages                    = {xii+510}
}

@Book{Besse:1978,
  Title                    = {Manifolds all of whose geodesics are closed},
  Author                   = {Besse, Arthur L.},
  Publisher                = {Springer-Verlag},
  Year                     = {1978},

  Address                  = {Berlin},
  Note                     = {With appendices by D. B. A. Epstein, J.-P. Bourguignon, L. B\'erard-Bergery, M. Berger and J. L. Kazdan},
  Series                   = {Ergebnisse der Mathematik und ihrer Grenzgebiete [Results in Mathematics and Related Areas]},
  Volume                   = {93},

  ISBN                     = {3-540-08158-5},
  Mrclass                  = {53C20 (53C22 58G99)},
  Mrnumber                 = {80c:53044},
  Mrreviewer               = {R. L. Bishop},
  Pages                    = {ix+262}
}

@Article{Biswas:1996,
  Title                    = {Principal bundles admitting a holomorphic connection},
  Author                   = {Biswas, Indranil},
  Journal                  = {Internat. J. Math.},
  Year                     = {1996},
  Number                   = {4},
  Pages                    = {433--440},
  Volume                   = {7},

  Doi                      = {10.1142/S0129167X96000256},
  Fjournal                 = {International Journal of Mathematics},
  ISSN                     = {0129-167X},
  Mrclass                  = {32L05 (53C07)},
  Mrnumber                 = {1408834},
  Mrreviewer               = {Francesco Bottacin},
  Owner                    = {user},
  Timestamp                = {2017.07.07},
  Url                      = {http://0-dx.doi.org.library.ucc.ie/10.1142/S0129167X96000256}
}

@Article{Biswas.Dumitrescu:2017,
  Title                    = {{Holomorphic Cartan geometries on complex tori}},
  Author                   = {{Biswas}, I. and {Dumitrescu}, S.},
  Journal                  = {ArXiv e-prints},
  Year                     = {2017},

  Month                    = oct,
  Pages                    = {1--7},

  Adsnote                  = {Provided by the SAO/NASA Astrophysics Data System},
  Adsurl                   = {http://adsabs.harvard.edu/abs/2017arXiv171005874B},
  Archiveprefix            = {arXiv},
  Eprint                   = {1710.05874},
  Keywords                 = {Mathematics - Differential Geometry},
  Owner                    = {user},
  Primaryclass             = {math.DG},
  Timestamp                = {2018.06.05}
}

@Article{Biswas/Dumitrescu/McKay:2018,
  author        = {{Biswas}, Indranil and {Dumitrescu}, Sorin and {McKay}, Benjamin},
  journal       = {ArXiv e-prints},
  title         = {{Cartan geometries on complex manifolds of algebraic dimension zero}},
  year          = {2018},
  month         = Apr,
  pages         = {arXiv:1804.08949},
  adsnote       = {Provided by the SAO/NASA Astrophysics Data System},
  adsurl        = {https://ui.adsabs.harvard.edu/abs/2018arXiv180408949B},
  archiveprefix = {arXiv},
  eid           = {arXiv:1804.08949},
  eprint        = {1804.08949},
  keywords      = {Mathematics - Differential Geometry, 53B21, 53C56, 53A55},
  owner         = {user},
  timestamp     = {2018.06.02},
}

@Article{Biswas/Gomez:2008,
  Title                    = {Connections and {H}iggs fields on a principal bundle},
  Author                   = {Biswas, Indranil and G{\'o}mez, Tom{\'a}s L.},
  Journal                  = {Ann. Global Anal. Geom.},
  Year                     = {2008},
  Number                   = {1},
  Pages                    = {19--46},
  Volume                   = {33},

  Coden                    = {AGAGDV},
  Doi                      = {10.1007/s10455-007-9072-x},
  Fjournal                 = {Annals of Global Analysis and Geometry},
  ISSN                     = {0232-704X},
  Mrclass                  = {32L05 (14L10 53C07)},
  Mrnumber                 = {2369185},
  Mrreviewer               = {Graeme Wilkin},
  Owner                    = {user},
  Timestamp                = {2017.03.28},
  Url                      = {http://0-dx.doi.org.library.ucc.ie/10.1007/s10455-007-9072-x}
}

@Article{Biswas.McKay:2016,
  author    = {Biswas, Indranil and McKay, Benjamin},
  journal   = {Complex Manifolds},
  title     = {Holomorphic {C}artan geometries and rational curves},
  year      = {2016},
  issn      = {2300-7443},
  note      = {arXiv:1005.1472},
  pages     = {145--168},
  volume    = {3},
  doi       = {10.1515/coma-2016-0004},
  fjournal  = {Complex Manifolds},
  groups    = {ben:6},
  mrclass   = {53C55 (53A55 53C56)},
  mrnumber  = {3489612},
  owner     = {ben},
  timestamp = {2014.09.13},
  url       = {http://0-dx.doi.org.library.ucc.ie/10.1515/coma-2016-0004},
}

@Article{Biswas.McKay:2010,
  Title                    = {Holomorphic {C}artan geometries, {C}alabi-{Y}au manifolds and
 rational curves},
  Author                   = {Biswas, Indranil and McKay, Benjamin},
  Journal                  = {Differential Geom. Appl.},
  Year                     = {2010},
  Number                   = {1},
  Pages                    = {102--106},
  Volume                   = {28},

  Doi                      = {10.1016/j.difgeo.2009.09.003},
  Fjournal                 = {Differential Geometry and its Applications},
  ISSN                     = {0926-2245},
  Mrclass                  = {32Q25 (14J32 14M17 32J27)},
  Mrnumber                 = {2579385},
  Mrreviewer               = {P. E. Newstead},
  Owner                    = {user},
  Timestamp                = {2018.06.05},
  Url                      = {https://doi.org/10.1016/j.difgeo.2009.09.003}
}

@Article{BlumenthalHebda:1989,
  Title                    = {The generalized {C}artan-{A}mbrose-{H}icks theorem},
  Author                   = {Blumenthal, Robert A. and Hebda, James J.},
  Journal                  = {Geom. Dedicata},
  Year                     = {1989},
  Number                   = {2},
  Pages                    = {163--175},
  Volume                   = {29},

  Coden                    = {GEMDAT},
  Fjournal                 = {Geometriae Dedicata},
  ISSN                     = {0046-5755},
  Mrclass                  = {53C05 (53C10)},
  Mrnumber                 = {90b:53035},
  Mrreviewer               = {J. R. Vanstone}
}

@Article{Bogomolov:1974,
  Title                    = {The decomposition of {K}\"ahler manifolds with a trivial canonical class},
  Author                   = {Bogomolov, F. A.},
  Journal                  = {Mat. Sb. (N.S.)},
  Year                     = {1974},
  Pages                    = {573--575, 630},
  Volume                   = {93(135)},

  Mrclass                  = {14C30 (32J25)},
  Mrnumber                 = {0345969},
  Mrreviewer               = {R. O. Wells, Jr.},
  Owner                    = {user},
  Timestamp                = {2016.08.10}
}

@InCollection{Borel:2001,
  Title                    = {\'{E}lie {C}artan, {H}ermann {W}eyl et les connexions projectives},
  Author                   = {Borel, Armand},
  Booktitle                = {Essays on geometry and related topics, Vol. 1, 2},
  Publisher                = {Enseignement Math.},
  Year                     = {2001},

  Address                  = {Geneva},
  Pages                    = {43--58},
  Series                   = {Monogr. Enseign. Math.},
  Volume                   = {38},

  Mrclass                  = {53-03 (01A60 53B15)},
  Mrnumber                 = {2004a:53001},
  Mrreviewer               = {William Goldman}
}

@Book{Borel:1991,
  Title                    = {Linear algebraic groups},
  Author                   = {Borel, Armand},
  Publisher                = {Springer-Verlag},
  Year                     = {1991},

  Address                  = {New York},
  Edition                  = {Second},
  Series                   = {Graduate Texts in Mathematics},
  Volume                   = {126},

  ISBN                     = {0-387-97370-2},
  Mrclass                  = {20-01 (20Gxx)},
  Mrnumber                 = {92d:20001},
  Mrreviewer               = {F. D. Veldkamp},
  Pages                    = {xii+288}
}

@Article{Borel:1953,
  Title                    = {Sur la cohomologie des espaces fibr\'es principaux et des espaces homog\`enes de groupes de {L}ie compacts},
  Author                   = {Borel, Armand},
  Journal                  = {Ann. of Math. (2)},
  Year                     = {1953},
  Pages                    = {115--207},
  Volume                   = {57},

  Fjournal                 = {Annals of Mathematics. Second Series},
  ISSN                     = {0003-486X},
  Mrclass                  = {56.0X},
  Mrnumber                 = {MR0051508 (14,490e)},
  Mrreviewer               = {S. Chern}
}

@Article{Borel/Remmert:1961,
  Title                    = {\"{U}ber kompakte homogene {K}\"ahlersche {M}annigfaltigkeiten},
  Author                   = {Borel, A. and Remmert, R.},
  Journal                  = {Math. Ann.},
  Year                     = {1961/1962},
  Pages                    = {429--439},
  Volume                   = {145},

  Fjournal                 = {Mathematische Annalen},
  ISSN                     = {0025-5831},
  Mrclass                  = {32.32 (22.70)},
  Mrnumber                 = {MR0145557 (26 \#3088)},
  Mrreviewer               = {H. C. Wang}
}

@InProceedings{Bott1972,
  Title                    = {Lectures on characteristic classes and foliations},
  Author                   = {Bott, Raoul},
  Booktitle                = {Lectures on algebraic and differential topology ({S}econd {L}atin {A}merican {S}chool in {M}ath., {M}exico {C}ity, 1971)},
  Year                     = {1972},
  Note                     = {Notes by Lawrence Conlon, with two appendices by J. Stasheff},
  Pages                    = {1--94. Lecture Notes in Math., Vol. 279},
  Publisher                = {Springer, Berlin},

  Mrclass                  = {57D30},
  Mrnumber                 = {0362335},
  Mrreviewer               = {D. B. Fuks},
  Owner                    = {user},
  Timestamp                = {2017.04.25}
}

@Article{Bott:1957,
  Title                    = {Homogeneous vector bundles},
  Author                   = {Bott, Raoul},
  Journal                  = {Ann. of Math. (2)},
  Year                     = {1957},
  Pages                    = {203--248},
  Volume                   = {66},

  Fjournal                 = {Annals of Mathematics. Second Series},
  ISSN                     = {0003-486X},
  Mrclass                  = {53.3X},
  Mrnumber                 = {MR0089473 (19,681d)},
  Mrreviewer               = {M. F. Atiyah}
}

@Article{Bott/Chern:1965,
  Title                    = {Hermitian vector bundles and the equidistribution of the zeroes of their holomorphic sections},
  Author                   = {Bott, Raoul and Chern, Shiing-shen},
  Journal                  = {Acta Math.},
  Year                     = {1965},
  Pages                    = {71--112},
  Volume                   = {114},

  Fjournal                 = {Acta Mathematica},
  ISSN                     = {0001-5962},
  Mrclass                  = {32.60 (57.30)},
  Mrnumber                 = {MR0185607 (32 \#3070)},
  Mrreviewer               = {Phillip A. Griffiths}
}

@Book{Bott/Tu:1982,
  Title                    = {Differential forms in algebraic topology},
  Author                   = {Bott, Raoul and Tu, Loring W.},
  Publisher                = {Springer-Verlag, New York-Berlin},
  Year                     = {1982},
  Series                   = {Graduate Texts in Mathematics},
  Volume                   = {82},

  ISBN                     = {0-387-90613-4},
  Mrclass                  = {57R19 (55-02 58-01 58A12)},
  Mrnumber                 = {658304},
  Mrreviewer               = {Hansklaus Rummler},
  Owner                    = {user},
  Pages                    = {xiv+331},
  Timestamp                = {2017.05.16}
}

@Article{Boucksom/Demailly/Paun/Peternell:2013,
  Title                    = {The pseudo-effective cone of a compact {K}\"ahler manifold and varieties of negative {K}odaira dimension},
  Author                   = {Boucksom, S{\'e}bastien and Demailly, Jean-Pierre and P{\u{a}}un, Mihai and Peternell, Thomas},
  Journal                  = {J. Algebraic Geom.},
  Year                     = {2013},
  Number                   = {2},
  Pages                    = {201--248},
  Volume                   = {22},

  Doi                      = {10.1090/S1056-3911-2012-00574-8},
  Fjournal                 = {Journal of Algebraic Geometry},
  ISSN                     = {1056-3911},
  Mrclass                  = {14E99 (32J18 32L05 53C26)},
  Mrnumber                 = {3019449},
  Mrreviewer               = {Thomas Eckl},
  Owner                    = {ben},
  Timestamp                = {2014.09.16},
  Url                      = {http://0-dx.doi.org.library.ucc.ie/10.1090/S1056-3911-2012-00574-8}
}

@Book{Bourbaki:2002,
  Title                    = {Lie groups and {L}ie algebras. {C}hapters 4--6},
  Author                   = {Bourbaki, Nicolas},
  Publisher                = {Springer-Verlag, Berlin},
  Year                     = {2002},
  Note                     = {Translated from the 1968 French original by Andrew Pressley},
  Series                   = {Elements of Mathematics (Berlin)},

  ISBN                     = {3-540-42650-7},
  Mrclass                  = {17-01 (00A05 20E42 20F55 22-01)},
  Mrnumber                 = {1890629},
  Owner                    = {user},
  Pages                    = {xii+300},
  Timestamp                = {2017.11.15},
  Url                      = {https://doi.org/10.1007/978-3-540-89394-3}
}

@Book{Bourbaki:1975,
  Title                    = {\'{E}l\'ements de math\'ematique},
  Author                   = {Bourbaki, N.},
  Publisher                = {Hermann},
  Year                     = {1975},

  Address                  = {Paris},
  Note                     = {Fasc. XXXVIII: Groupes et alg\`ebres de Lie. Chapitre VII: Sous-alg\`ebres de Cartan, \'el\'ements r\'eguliers. Chapitre VIII: Alg\`ebres de Lie semi-simples d\'eploy\'ees, Actualit\'es Scientifiques et Industrielles, No. 1364},

  Mrclass                  = {17BXX (22E65)},
  Mrnumber                 = {56 \#12077},
  Mrreviewer               = {J. E. Humphreys},
  Pages                    = {271}
}

@Article{Brunella:1997,
  Title                    = {Feuilletages holomorphes sur les surfaces complexes compactes},
  Author                   = {Brunella, Marco},
  Journal                  = {Ann. Sci. \'Ec. Nor. Sup.},
  Year                     = {1997},
  Pages                    = {569--594},
  Volume                   = {30}
}

@Article{Brunella/Pereira/Touzet:2006,
  Title                    = {K\"ahler manifolds with split tangent bundle},
  Author                   = {Brunella, Marco and Pereira, Jorge Vit\'orio and Touzet, Fr\'ed\'eric},
  Journal                  = {Bull. Soc. Math. France},
  Year                     = {2006},
  Number                   = {2},
  Pages                    = {241--252},
  Volume                   = {134},

  Fjournal                 = {Bulletin de la Soci\'et\'e Math\'ematique de France},
  ISSN                     = {0037-9484},
  Mrclass                  = {32Q30 (32Q15 37F75)},
  Mrnumber                 = {2233706},
  Mrreviewer               = {M. G. Soares},
  Owner                    = {user},
  Timestamp                = {2017.04.18}
}

@InCollection{Bryant/Griffiths/Hsu:1995,
  Title                    = {Toward a geometry of differential equations},
  Author                   = {Bryant, Robert and Griffiths, Phillip and Hsu, Lucas},
  Booktitle                = {Geometry, topology, \& physics},
  Publisher                = {Internat. Press},
  Year                     = {1995},

  Address                  = {Cambridge, MA},
  Pages                    = {1--76},
  Series                   = {Conf. Proc. Lecture Notes Geom. Topology, IV},

  Mrclass                  = {58A15 (35A30 58H99)},
  Mrnumber                 = {MR1358612 (97b:58005)},
  Mrreviewer               = {Philippe G. LeFloch}
}

@Book{BCGGG:1991,
  Title                    = {Exterior differential systems},
  Author                   = {Bryant, Robert L. and Chern, Shiing-Shen and Gardner, R. B. and Goldschmidt, H. L. and Griffiths, P. A.},
  Publisher                = {Springer-Verlag},
  Year                     = {1991},

  Address                  = {New York},

  ISBN                     = {0-387-97411-3},
  Mrclass                  = {58A15 (35N10 58-01 58-02 58A17 58G05)},
  Mrnumber                 = {92h:58007},
  Mrrevr                   = {Irl Bivens},
  Owner                    = {user},
  Pages                    = {viii+475},
  Timestamp                = {2017.07.06}
}

@Article{Bryant/Hsu:1993,
  Title                    = {Rigidity of integral curves of rank {$2$} distributions},
  Author                   = {Bryant, Robert L. and Hsu, Lucas},
  Journal                  = {Invent. Math.},
  Year                     = {1993},
  Number                   = {2},
  Pages                    = {435--461},
  Volume                   = {114},

  Doi                      = {10.1007/BF01232676},
  Fjournal                 = {Inventiones Mathematicae},
  ISSN                     = {0020-9910},
  Mrclass                  = {58A15 (58A30 58D15 58E30)},
  Mrnumber                 = {1240644},
  Mrreviewer               = {Irl Bivens},
  Owner                    = {user},
  Timestamp                = {2017.07.26},
  Url                      = {http://0-dx.doi.org.library.ucc.ie/10.1007/BF01232676}
}

@article {Buch.Chaput.Mihalcea.Perrin:2018,
    AUTHOR = {Buch, Anders S. and Chaput, Pierre-Emmanuel and Mihalcea,
              Leonardo C. and Perrin, Nicolas},
     TITLE = {A {C}hevalley formula for the equivariant quantum {$K$}-theory
              of cominuscule varieties},
   JOURNAL = {Algebr. Geom.},
  FJOURNAL = {Algebraic Geometry},
    VOLUME = {5},
      YEAR = {2018},
    NUMBER = {5},
     PAGES = {568--595},
   MRCLASS = {14N35 (14C35 14M15 14N15 19L47)},
  MRNUMBER = {3847206},
MRREVIEWER = {Feng Qu},
}

@Article{Campana:1992,
  Title                    = {Connexit\'e rationnelle des vari\'et\'es de {F}ano},
  Author                   = {Campana, F.},
  Journal                  = {Ann. Sci. \'Ecole Norm. Sup. (4)},
  Year                     = {1992},
  Number                   = {5},
  Pages                    = {539--545},
  Volume                   = {25},

  Fjournal                 = {Annales Scientifiques de l'\'Ecole Normale Sup\'erieure. Quatri\`eme
 S\'erie},
  ISSN                     = {0012-9593},
  Mrclass                  = {14J45},
  Mrnumber                 = {1191735},
  Mrreviewer               = {Luciana Picco Botta},
  Owner                    = {user},
  Timestamp                = {2018.06.18},
  Url                      = {http://www.numdam.org/item?id=ASENS_1992_4_25_5_539_0}
}

@Article{Campana/Claudon/Eyssidieux:2015,
  Title                    = {Repr\'esentations lin\'eaires des groupes k\"ahl\'eriens: factorisations et conjecture de {S}hafarevich lin\'eaire},
  Author                   = {Campana, Fr{\'e}deric and Claudon, Beno{\^{\i}}t and Eyssidieux, Philippe},
  Journal                  = {Compos. Math.},
  Year                     = {2015},
  Number                   = {2},
  Pages                    = {351--376},
  Volume                   = {151},

  Doi                      = {10.1112/S0010437X14007751},
  Fjournal                 = {Compositio Mathematica},
  ISSN                     = {0010-437X},
  Mrclass                  = {32Q15 (14D07 14E20 14F35 32Q30)},
  Mrnumber                 = {3314830},
  Mrreviewer               = {Andr{\'e} Oliveira},
  Owner                    = {user},
  Timestamp                = {2016.08.09},
  Url                      = {http://0-dx.doi.org.library.ucc.ie/10.1112/S0010437X14007751}
}

@InCollection{Campana/Demailly/Peternell:2015,
  Title                    = {Rationally connected manifolds and semipositivity of the
 {R}icci curvature},
  Author                   = {Campana, F. and Demailly, J.-P. and Peternell, Th.},
  Booktitle                = {Recent advances in algebraic geometry},
  Publisher                = {Cambridge Univ. Press, Cambridge},
  Year                     = {2015},
  Pages                    = {71--91},
  Series                   = {London Math. Soc. Lecture Note Ser.},
  Volume                   = {417},

  Mrclass                  = {53C55 (14M22)},
  Mrnumber                 = {3380444},
  Mrreviewer               = {Simone Diverio},
  Owner                    = {user},
  Timestamp                = {2018.06.17}
}

@Article{Campana/Peternell:2011,
  Title                    = {Geometric stability of the cotangent bundle and the universal cover of a projective manifold},
  Author                   = {Campana, Fr{\'e}d{\'e}ric and Peternell, Thomas},
  Journal                  = {Bull. Soc. Math. France},
  Year                     = {2011},
  Note                     = {With an appendix by Matei Toma},
  Number                   = {1},
  Pages                    = {41--74},
  Volume                   = {139},

  Coden                    = {BSMFAA},
  Fjournal                 = {Bulletin de la Soci\'et\'e Math\'ematique de France},
  ISSN                     = {0037-9484},
  Mrclass                  = {14E30 (14J60 32J27 32Q26)},
  Mrnumber                 = {2815027 (2012e:14031)},
  Mrreviewer               = {Jaros{\l}aw A. Wi{\'s}niewski},
  Owner                    = {ben},
  Timestamp                = {2013.07.01}
}

@Book{Cartan:1992,
  Title                    = {Le\c cons sur la g\'eom\'etrie projective complexe. {L}a th\'eorie des groupes finis et continus et la g\'eom\'etrie diff\'erentielle trait\'ees par la m\'ethode du rep\`ere mobile. {L}e\c cons sur la th\'eorie des espaces \`a connexion projective},
  Author                   = {Cartan, {\'E}lie},
  Publisher                = {\'Editions Jacques Gabay},
  Year                     = {1992},

  Address                  = {Sceaux},
  Note                     = {Reprint of the editions of 1931, 1937 and 1937},
  Series                   = {Les Grands Classiques Gauthier-Villars. [Gauthier-Villars Great Classics]},

  ISBN                     = {2-87647-015-2},
  Mrclass                  = {01A75 (53-03)},
  Mrnumber                 = {1190006 (93i:01030)},
  Owner                    = {ben},
  Pages                    = {vii+911},
  Timestamp                = {2013.05.16}
}

@Book{Cartan:I,
  Title                    = {{\OE}uvres compl\`etes. {P}artie {I}},
  Author                   = {Cartan, \'Elie},
  Publisher                = {\'Editions du Centre National de la Recherche Scientifique (CNRS)},
  Year                     = {1984},

  Address                  = {Paris},
  Edition                  = {Second},
  Note                     = {Groups de Lie. [Lie groups]},

  ISBN                     = {2-222-03373-X},
  Mrclass                  = {01A75 (22-03)},
  Mrnumber                 = {85g:01032a},
  Owner                    = {ben},
  Pages                    = {xxx+1356},
  Timestamp                = {2014.09.13}
}

@Book{Cartan:II,
  Title                    = {{\OE}uvres compl\`etes. {P}artie {II}},
  Author                   = {Cartan, \'Elie},
  Publisher                = {\'Editions du Centre National de la Recherche Scientifique (CNRS)},
  Year                     = {1984},

  Address                  = {Paris},
  Edition                  = {Second},
  Note                     = {Alg\`ebre, syst\`emes diff\'erentiels et probl\`emes d'\'equivalence. [Algebra, differential systems and problems of equivalence]},

  ISBN                     = {2-222-03373-X},
  Mrclass                  = {01A75 (58-03)},
  Mrnumber                 = {85g:01032b},
  Owner                    = {ben},
  Pages                    = {xiii+1384},
  Timestamp                = {2014.09.13}
}

@Book{Cartan:III1,
  Title                    = {{\OE}uvres compl\`etes. {P}artie {III}. {V}ol. 1},
  Author                   = {Cartan, \'Elie},
  Publisher                = {\'Editions du Centre National de la Recherche Scientifique (CNRS)},
  Year                     = {1984},

  Address                  = {Paris},
  Edition                  = {Second},
  Note                     = {G\'eom\'etrie diff\'erentielle. Divers. [Differential geometry. Miscellanea]},

  ISBN                     = {2-222-03373-X},
  Mrclass                  = {01A75 (53-03)},
  Mrnumber                 = {85g:01032c},
  Owner                    = {ben},
  Pages                    = {xvi+992},
  Timestamp                = {2014.09.13}
}

@Book{Cartan:III2,
  Title                    = {{\OE}uvres compl\`etes. {P}artie {III}. {V}ol. 2},
  Author                   = {Cartan, \'Elie},
  Publisher                = {\'Editions du Centre National de la Recherche Scientifique (CNRS)},
  Year                     = {1984},

  Address                  = {Paris},
  Edition                  = {Second},
  Note                     = {G\'eom\'etrie diff\'erentielle. Divers. [Differential geometry. Miscellanea], With biographical material by Shiing-shen Chern, Claude Chevalley and J. H. C. Whitehead},

  ISBN                     = {2-222-03373-X},
  Mrclass                  = {01A75 (53-03)},
  Mrnumber                 = {85g:01032d},
  Owner                    = {ben},
  Pages                    = {i--xvi\ and 993--1935},
  Timestamp                = {2014.09.13}
}

@Book{Cartan:SDELAG,
  Title                    = {Les syst\`emes diff\'erentiels ext\'erieurs et leurs applications g\'eom\'etriques},
  Author                   = {Cartan, \'Elie},
  Publisher                = {Hermann et Cie., Paris},
  Year                     = {1945},
  Series                   = {Actualit\'es Sci. Ind., no. 994},

  Mrclass                  = {36.0X},
  Mrnumber                 = {7,520d},
  Mrreviewer               = {J. A. Schouten},
  Owner                    = {ben},
  Pages                    = {214},
  Timestamp                = {2014.09.13}
}

@Article{Cartan:174,
  Title                    = {La geometria de las ecuaciones diferencials de tercer orden},
  Author                   = {Cartan, \'Elie},
  Journal                  = {Rev. Mat. Hispano-Amer.},
  Year                     = {1941},
  Note                     = {also in {\OE}uvres {C}ompl{\`e}tes, Partie III, Vol. 2, 174, p. 1535--1566},
  Pages                    = {1-31},
  Volume                   = {4},

  Owner                    = {ben},
  Timestamp                = {2014.09.13}
}

@Article{Cartan:1938,
  Title                    = {Les espaces g\'en\'eralis\'es et l'integration de certaines classes d'\'equations differentielles},
  Author                   = {Cartan, \'Elie},
  Journal                  = {C. R. Acad. Sci. Paris S\'er. I Math.},
  Year                     = {1938},
  Note                     = {also in {\OE}uvres {C}ompletes, vol. III, partie 2, pp. 1621-1636},
  Number                   = {206},
  Pages                    = {1689--1693},

  Owner                    = {ben},
  Timestamp                = {2014.09.13}
}

@Article{Cartan:161,
  Title                    = {Les probl{\`e}mes de equivalence},
  Author                   = {Cartan, \'Elie},
  Journal                  = {S{\'e}minaire de Math.},
  Year                     = {1937},

  Month                    = {janvier},
  Note                     = {Also in \cite{Cartan:II}, pp. 1311--1334},
  Pages                    = {113--136},
  Volume                   = {expos{\'e} D},

  Owner                    = {ben},
  Timestamp                = {2014.09.13}
}

@Article{Cartan:136,
  Title                    = {Sur la g\'eometrie pseudo--conforme des hypersurfaces de l'espace de deux variables complexes, {I}},
  Author                   = {Cartan, \'Elie},
  Journal                  = {Annali di Matematica Pura ed Applicata},
  Year                     = {1932},
  Note                     = {Also in \cite{Cartan:II}, pp. 1232--1305},
  Pages                    = {17--90},
  Volume                   = {11},

  Owner                    = {ben},
  Timestamp                = {2014.09.13}
}

@Article{Cartan:136bis,
  Title                    = {Sur la g\'eometrie pseudo--conforme des hypersurfaces de l'espace de deux variables complexes, {II}},
  Author                   = {Cartan, \'Elie},
  Journal                  = {Annali Sc. Norm. Sup. Pisa},
  Year                     = {1932},
  Note                     = {Also in \cite{Cartan:III2}, pp. 1217--1238},
  Pages                    = {333--354},
  Volume                   = {1},

  Owner                    = {ben},
  Timestamp                = {2014.09.13}
}

@Article{Cartan:70,
  Title                    = {Sur les vari{\'e}t{\'e}s {\`a} connection projective},
  Author                   = {Cartan, \'Elie},
  Journal                  = {Bull. Soc. Math.},
  Year                     = {1924},
  Pages                    = {205--241},
  Volume                   = {52},

  Optnote                  = {Also in \cite{Cartan:III}, pp. 825--862},
  Owner                    = {ben},
  Timestamp                = {2014.09.13}
}

@Article{Cartan:68,
  Title                    = {Les espaces {\`a} connexion conforme},
  Author                   = {Cartan, \'Elie},
  Journal                  = {Ann. Soc. Polon. Mat.},
  Year                     = {1923},
  Note                     = {Also in \cite{Cartan:III2}, pp. 747--797},
  Pages                    = {171--221},
  Volume                   = {2},

  Owner                    = {ben},
  Timestamp                = {2014.09.13}
}

@Article{Cartan:30,
  Title                    = {Les syst\`emes de {P}faff \`a cinq variables et les \'equations aux d\'eriv\'ees partielle du second ordre},
  Author                   = {Cartan, \'Elie},
  Journal                  = {Ann. {\'E}c. Norm.},
  Year                     = {1910},
  Note                     = {Also in \cite{Cartan:II}, pp. 927--1010},
  Pages                    = {109--192},
  Volume                   = {27},

  Owner                    = {ben},
  Timestamp                = {2014.09.13}
}

@Article{Cartan:1908,
  Title                    = {Les sous-groupes des groupes continus de transformations},
  Author                   = {Cartan, \'Elie},
  Journal                  = {Annales de l'{\'E}cole Normale},
  Year                     = {1908},

  Month                    = {February},
  Note                     = {Also in \cite{Cartan:II}, pp. 719--856},
  Pages                    = {57--194},
  Volume                   = {25},

  Owner                    = {ben},
  Timestamp                = {2014.09.13}
}

@Article{Cartan:1893,
  Title                    = {{\"U}ber die einfachen {T}ransformationsgruppen},
  Author                   = {Cartan, \'Elie},
  Journal                  = {Leipz. Ber.},
  Year                     = {1893},

  Month                    = {June},
  Note                     = {Also in \cite{Cartan:I}, pp. 107--132},
  Pages                    = {395--420},

  Owner                    = {ben},
  Timestamp                = {2014.09.13}
}

@Book{Cartan:2000,
  Author                   = {Institut {\'E}lie Cartan},
  Publisher                = {Institut {\'E}lie Cartan},
  Year                     = {2000},
  Volume                   = {16},

  Booktitle                = {Journ\'ees {\'E}lie Cartan 1998 et 1999},
  Owner                    = {ben},
  Timestamp                = {2014.09.13}
}

@Book{Carter:2005,
  Title                    = {Lie algebras of finite and affine type},
  Author                   = {Carter, R. W.},
  Publisher                = {Cambridge University Press, Cambridge},
  Year                     = {2005},
  Series                   = {Cambridge Studies in Advanced Mathematics},
  Volume                   = {96},

  ISBN                     = {978-0-521-85138-1; 0-521-85138-6},
  Mrclass                  = {17-02 (17B67)},
  Mrnumber                 = {2188930},
  Mrreviewer               = {Stephen Slebarski},
  Owner                    = {user},
  Pages                    = {xviii+632},
  Timestamp                = {2017.11.15},
  Url                      = {https://doi.org/10.1017/CBO9780511614910}
}

@Book{Carter2005,
  Title                    = {Lie algebras of finite and affine type},
  Author                   = {Carter, R. W.},
  Publisher                = {Cambridge University Press, Cambridge},
  Year                     = {2005},
  Series                   = {Cambridge Studies in Advanced Mathematics},
  Volume                   = {96},

  ISBN                     = {978-0-521-85138-1; 0-521-85138-6},
  Mrclass                  = {17-02 (17B67)},
  Mrnumber                 = {2188930},
  Mrreviewer               = {Stephen Slebarski},
  Owner                    = {user},
  Pages                    = {xviii+632},
  Timestamp                = {2017.11.15},
  Url                      = {https://doi.org/10.1017/CBO9780511614910}
}

@Book{Carter:1972,
  Title                    = {Simple groups of {L}ie type},
  Author                   = {Carter, Roger W.},
  Publisher                = {John Wiley \& Sons, London-New York-Sydney},
  Year                     = {1972},
  Note                     = {Pure and Applied Mathematics, Vol. 28},

  Mrclass                  = {20G15 (20D05 22E20)},
  Mrnumber                 = {0407163 (53 \#10946)},
  Mrreviewer               = {Louis Solomon},
  Owner                    = {ben},
  Pages                    = {viii+331},
  Timestamp                = {2014.09.15}
}

@Article{Cascini:2013,
  Title                    = {Rational curves on complex manifolds},
  Author                   = {Cascini, Paolo},
  Journal                  = {Milan J. Math.},
  Year                     = {2013},
  Number                   = {2},
  Pages                    = {291--315},
  Volume                   = {81},

  Doi                      = {10.1007/s00032-013-0210-6},
  Fjournal                 = {Milan Journal of Mathematics},
  ISSN                     = {1424-9286},
  Mrclass                  = {14E30 (14E05 14J45 14M22 32J27)},
  Mrnumber                 = {3129787},
  Mrreviewer               = {James McKernan},
  Owner                    = {user},
  Timestamp                = {2016.06.29},
  Url                      = {http://0-dx.doi.org.library.ucc.ie/10.1007/s00032-013-0210-6}
}

@Article{Chevalley:1955,
  Title                    = {Sur certains groupes simples},
  Author                   = {Chevalley, Claude},
  Journal                  = {T\^ohoku Math. J. (2)},
  Year                     = {1955},
  Pages                    = {14--66},
  Volume                   = {7},

  Fjournal                 = {The Tohoku Mathematical Journal. Second Series},
  ISSN                     = {0040-8735},
  Mrclass                  = {20.0X},
  Mrnumber                 = {0073602 (17,457c)},
  Mrreviewer               = {F. I. Mautner},
  Owner                    = {ben},
  Timestamp                = {2013.01.08}
}

@Book{Chevalley:1955.3,
  Title                    = {Th\'eorie des groupes de {L}ie. {T}ome {III}. {T}h\'eor\`emes g\'en\'eraux sur les alg\`ebres de {L}ie},
  Author                   = {Chevalley, Claude},
  Publisher                = {Hermann \& Cie, Paris},
  Year                     = {1955},
  Series                   = {Actualit\'es Sci. Ind. no. 1226},

  Mrclass                  = {20.0X},
  Mrnumber                 = {0068552},
  Mrreviewer               = {G. Hochschild},
  Owner                    = {user},
  Pages                    = {239},
  Timestamp                = {2016.11.07}
}

@Article{Choe/Hong:2004,
  Title                    = {Integral varieties of the canonical cone structure on {$G/P$}},
  Author                   = {Choe, Insong and Hong, Jaehyun},
  Journal                  = {Math. Ann.},
  Year                     = {2004},
  Number                   = {4},
  Pages                    = {629--652},
  Volume                   = {329},

  Coden                    = {MAANA},
  Fjournal                 = {Mathematische Annalen},
  ISSN                     = {0025-5831},
  Mrclass                  = {32M15 (17B56)},
  Mrnumber                 = {MR2076680 (2005e:32040)},
  Mrreviewer               = {Jean-Jacques Loeb}
}

@Article{Clelland:1997,
  Title                    = {Geometry of conservation laws for a class of parabolic partial differential equations},
  Author                   = {Clelland, Jeanne Nielsen},
  Journal                  = {Selecta Math. (N.S.)},
  Year                     = {1997},
  Number                   = {1},
  Pages                    = {1--77},
  Volume                   = {3},

  Coden                    = {SMATF6},
  Fjournal                 = {Selecta Mathematica. New Series},
  ISSN                     = {1022-1824},
  Mrclass                  = {58A15 (35K99 35L65)},
  Mrnumber                 = {MR1454085 (98d:58005)},
  Mrreviewer               = {Kazushige Ueno}
}

@Book{Clemens:2003,
  Title                    = {A scrapbook of complex curve theory},
  Author                   = {Clemens, C. Herbert},
  Publisher                = {American Mathematical Society},
  Year                     = {2003},

  Address                  = {Providence, RI},
  Edition                  = {Second},
  Series                   = {Graduate Studies in Mathematics},
  Volume                   = {55},

  ISBN                     = {0-8218-3307-3},
  Mrclass                  = {14-01 (14Hxx 30-01 30Fxx)},
  Mrnumber                 = {MR1946768 (2003m:14001)},
  Pages                    = {xii+188}
}

@Article{Clifton:1966,
  Title                    = {On the completeness of {C}artan connections},
  Author                   = {Clifton, Yeaton H.},
  Journal                  = {J. Math. Mech.},
  Year                     = {1966},
  Pages                    = {569--576},
  Volume                   = {16},

  Mrclass                  = {53.50},
  Mrnumber                 = {MR0205183 (34 \#5017)},
  Mrreviewer               = {S. Kobayashi}
}

@Article{Cosgrove:2000,
  Title                    = {Chazy classes {IX}--{XI} of third-order differential equations},
  Author                   = {Cosgrove, Christopher M.},
  Journal                  = {Stud. Appl. Math.},
  Year                     = {2000},
  Number                   = {3},
  Pages                    = {171--228},
  Volume                   = {104},

  Fjournal                 = {Studies in Applied Mathematics},
  ISSN                     = {0022-2526},
  Mrclass                  = {34M55 (34A05)},
  Mrnumber                 = {MR1752309 (2001d:34148)},
  Mrreviewer               = {Andrei A. Kapaev}
}

@InCollection{Crampin/Saunders:2007,
  Title                    = {Path geometries and almost {G}rassmann structures},
  Author                   = {Crampin, Mike and Saunders, David J.},
  Booktitle                = {Finsler geometry, {S}apporo 2005---in memory of {M}akoto {M}atsumoto},
  Publisher                = {Math. Soc. Japan},
  Year                     = {2007},

  Address                  = {Tokyo},
  Pages                    = {225--261},
  Series                   = {Adv. Stud. Pure Math.},
  Volume                   = {48},

  Mrclass                  = {53Cxx},
  Mrnumber                 = {MR2389257}
}

@InCollection{dAmbra/Gromov:1991,
  Title                    = {Lectures on transformation groups: geometry and dynamics},
  Author                   = {D'Ambra, G. and Gromov, M.},
  Booktitle                = {Surveys in differential geometry ({C}ambridge, {MA}, 1990)},
  Publisher                = {Lehigh Univ.},
  Year                     = {1991},

  Address                  = {Bethlehem, PA},
  Pages                    = {19--111},

  Mrclass                  = {58F15 (22E46 53C10 57S20)},
  Mrnumber                 = {1144526 (93d:58117)},
  Mrreviewer               = {Viktor Schroeder},
  Owner                    = {ben},
  Timestamp                = {2013.02.25}
}

@Book{deBarre:2001,
  Title                    = {Higher-dimensional algebraic geometry},
  Author                   = {Debarre, Olivier},
  Publisher                = {Springer-Verlag, New York},
  Year                     = {2001},
  Series                   = {Universitext},

  Doi                      = {10.1007/978-1-4757-5406-3},
  ISBN                     = {0-387-95227-6},
  Mrclass                  = {14-02 (14E30 14Jxx)},
  Mrnumber                 = {1841091},
  Mrreviewer               = {Mark Gross},
  Owner                    = {user},
  Pages                    = {xiv+233},
  Timestamp                = {2018.06.01},
  Url                      = {https://doi.org/10.1007/978-1-4757-5406-3}
}

@Article{Demailly:2014,
  Title                    = {{On the cohomology of pseudoeffective line bundles}},
  Author                   = {Demailly, Jean-Pierre},
  Journal                  = {ArXiv e-prints},
  Year                     = {2014},

  Month                    = jan,
  Pages                    = {1--39},

  Adsnote                  = {Provided by the SAO/NASA Astrophysics Data System},
  Adsurl                   = {http://adsabs.harvard.edu/abs/2014arXiv1401.5432D},
  Archiveprefix            = {arXiv},
  Eprint                   = {1401.5432},
  Keywords                 = {Mathematics - Complex Variables, Mathematics - Algebraic Geometry},
  Owner                    = {ben},
  Primaryclass             = {math.CV},
  Timestamp                = {2014.08.08}
}

@Unpublished{Demailly2012,
  Title                    = {Complex Analytic and Differential Geometry},
  Author                   = {Demailly, J.-P.},
  Note                     = {unpublished},

  Month                    = {June},
  Year                     = {2012},

  Owner                    = {user},
  Timestamp                = {2017.04.12},
  Url                      = {https://www-fourier.ujf-grenoble.fr/~demailly/manuscripts/agbook.pdf}
}

@InCollection{Demailly:2002,
  Title                    = {On the {F}robenius integrability of certain holomorphic {$p$}-forms},
  Author                   = {Demailly, Jean-Pierre},
  Booktitle                = {Complex geometry ({G}\"ottingen, 2000)},
  Publisher                = {Springer, Berlin},
  Year                     = {2002},
  Pages                    = {93--98},

  Mrclass                  = {32Q15 (32J27)},
  Mrnumber                 = {1922099 (2003f:32029)},
  Mrreviewer               = {Stefan Kebekus},
  Owner                    = {ben},
  Timestamp                = {2014.08.08}
}

@InCollection{Dloussky:1977,
  Title                    = {Enveloppes d'holomorphie et prolongements d'hypersurfaces},
  Author                   = {Dloussky, G.},
  Booktitle                = {Journ\'ees sur les {F}onctions {A}nalytiques ({T}oulouse, 1976)},
  Publisher                = {Springer},
  Year                     = {1977},

  Address                  = {Berlin},
  Pages                    = {217--235. Lecture Notes in Math., Vol. 578},

  Mrclass                  = {32D05 (32A15)},
  Mrnumber                 = {MR0460714 (57 \#707)},
  Mrreviewer               = {J. Kajiwara}
}

@Misc{Doubrov:2007,
  Title                    = {Generalized {W}ilcynski invariants for nonlinear ordinary differential equations},

  Author                   = {Doubrov, Boris},
  HowPublished             = {arxiv:math/0702251v2},
  Month                    = {April},
  Year                     = {2007}
}

@Article{Doubrov/Komrakov/Morimoto:1999,
  Title                    = {Equivalence of holonomic differential equations},
  Author                   = {Doubrov, Boris and Komrakov, Boris P. and Morimoto, Tohru},
  Journal                  = {Lobachevskii J. Math.},
  Year                     = {1999},
  Note                     = {Towards 100 years after Sophus Lie (Kazan, 1998)},
  Pages                    = {39--71 (electronic)},
  Volume                   = {3},

  Fjournal                 = {Lobachevskii Journal of Mathematics},
  Mrclass                  = {53C10 (34A26 58A15)},
  Mrnumber                 = {MR1743131 (2001i:53040)},
  Mrreviewer               = {Mark E. Fels}
}

@InCollection{Dumitrescu:2011,
  Title                    = {Meromorphic almost rigid geometric structures},
  Author                   = {Dumitrescu, Sorin},
  Booktitle                = {Geometry, rigidity, and group actions},
  Publisher                = {Univ. Chicago Press, Chicago, IL},
  Year                     = {2011},
  Pages                    = {32--58},
  Series                   = {Chicago Lectures in Math.},

  Mrclass                  = {53C24 (22F50)},
  Mrnumber                 = {2807828},
  Mrreviewer               = {Pierre Mounoud},
  Owner                    = {user},
  Timestamp                = {2016.08.04}
}

@Article{Dumitrescu:2009,
  Title                    = {Une caract\'erisation des vari\'et\'es complexes compactes
 parall\'elisables admettant des structures affines},
  Author                   = {Dumitrescu, Sorin},
  Journal                  = {C. R. Math. Acad. Sci. Paris},
  Year                     = {2009},
  Number                   = {19-20},
  Pages                    = {1183--1187},
  Volume                   = {347},

  Doi                      = {10.1016/j.crma.2009.09.008},
  Fjournal                 = {Comptes Rendus Math\'ematique. Acad\'emie des Sciences. Paris},
  ISSN                     = {1631-073X},
  Mrclass                  = {32M17 (32J18 32M05)},
  Mrnumber                 = {2567000},
  Mrreviewer               = {G. K. Sankaran},
  Owner                    = {user},
  Timestamp                = {2018.06.18},
  Url                      = {https://doi.org/10.1016/j.crma.2009.09.008}
}

@Unpublished{Dumitrescu2009,
  Title                    = {Killing fields of holomorphic {C}artan geometries},
  Author                   = {Dumitrescu, Sorin},
  Note                     = {arXiv:0902.2193v2 [math.DG]},
  Year                     = {2009},

  Owner                    = {user},
  Timestamp                = {2016.08.04}
}

@Article{Dumitrescu:2001,
  Title                    = {Structures g\'eom\'etriques holomorphes sur les vari\'et\'es complexes compactes},
  Author                   = {Dumitrescu, Sorin},
  Journal                  = {Ann. Sci. \'Ecole Norm. Sup. (4)},
  Year                     = {2001},
  Number                   = {4},
  Pages                    = {557--571},
  Volume                   = {34},

  Coden                    = {ASENAH},
  Fjournal                 = {Annales Scientifiques de l'\'Ecole Normale Sup\'erieure. Quatri\`eme S\'erie},
  ISSN                     = {0012-9593},
  Mrclass                  = {32J18 (32Q25 58H05)},
  Mrnumber                 = {MR1852010 (2003e:32034)},
  Mrreviewer               = {B. Gilligan}
}

@Article{Dumitrescu/McKay:2016,
  Title                    = {Symmetries of holomorphic geometric structures on tori},
  Author                   = {Dumitrescu, Sorin and McKay, Benjamin},
  Journal                  = {Complex Manifolds},
  Year                     = {2016},
  Pages                    = {1--15},
  Volume                   = {3},

  Doi                      = {10.1515/coma-2016-0001},
  Fjournal                 = {Complex Manifolds},
  ISSN                     = {2300-7443},
  Mrclass                  = {53C56 (32M05 53B21 53C30)},
  Mrnumber                 = {3451271},
  Owner                    = {user},
  Timestamp                = {2017.01.13},
  Url                      = {http://0-dx.doi.org.library.ucc.ie/10.1515/coma-2016-0001}
}

@Article{Dunajski/Tod:2005,
  Title                    = {Paraconformal geometry of {$n$}-th order {ODE}s, and exotic holonomy in dimension four},
  Author                   = {Maciej Dunajski and Paul Tod},
  Journal                  = {Journal of Geometry and Physics},
  Year                     = {2006},
  Pages                    = {1790},
  Volume                   = {56},

  Url                      = {arXiv.org:math/0502524}
}

@Article{Eastwood/Gindikin/Wong:1996,
  Title                    = {A holomorphic realization of analytic cohomology},
  Author                   = {Eastwood, Michael G. and Gindikin, Simon G. and Wong, Hon-Wai},
  Journal                  = {C. R. Acad. Sci. Paris S\'er. I Math.},
  Year                     = {1996},
  Number                   = {6},
  Pages                    = {529--534},
  Volume                   = {322},

  Fjournal                 = {Comptes Rendus de l'Acad\'emie des Sciences. S\'erie I. Math\'ematique},
  ISSN                     = {0764-4442},
  Mrclass                  = {32L10 (32C35)},
  Mrnumber                 = {1383430},
  Mrreviewer               = {Sergey Merkulov},
  Owner                    = {user},
  Timestamp                = {2017.04.09}
}

@Article{Egidi:2001,
  Title                    = {Special metrics on compact complex manifolds},
  Author                   = {Egidi, Nadaniela},
  Journal                  = {Differential Geom. Appl.},
  Year                     = {2001},
  Number                   = {3},
  Pages                    = {217--234},
  Volume                   = {14},

  Coden                    = {DGAPEO},
  Fjournal                 = {Differential Geometry and its Applications},
  ISSN                     = {0926-2245},
  Mrclass                  = {32Q15 (32Q57)},
  Mrnumber                 = {MR1836270 (2002b:32038)},
  Mrreviewer               = {Zhiqin Lu}
}

@InCollection{Ehlers/Koiller/Montgomery/Rios:2005,
  Title                    = {Nonholonomic systems via moving frames: {C}artan equivalence and {C}haplygin {H}amiltonization},
  Author                   = {Ehlers, Kurt and Koiller, Jair and Montgomery, Richard and Rios, Pedro M.},
  Booktitle                = {The breadth of symplectic and {P}oisson geometry},
  Publisher                = {Birkh\"auser Boston},
  Year                     = {2005},

  Address                  = {Boston, MA},
  Pages                    = {75--120},
  Series                   = {Progr. Math.},
  Volume                   = {232},

  Mrclass                  = {37J60 (53C10 70F25 70G45)},
  Mrnumber                 = {MR2103004 (2005k:37138)},
  Mrreviewer               = {Charles-Michel Marle}
}

@InCollection{Ehresmann:1951,
  Title                    = {Les connexions infinit\'esimales dans un espace fibr\'e diff\'erentiable},
  Author                   = {Ehresmann, Charles},
  Booktitle                = {Colloque de topologie (espaces fibr\'es), Bruxelles, 1950},
  Publisher                = {Georges Thone, Li\`ege},
  Year                     = {1951},
  Pages                    = {29--55},

  Mrclass                  = {53.0X},
  Mrnumber                 = {MR0042768 (13,159e)},
  Mrreviewer               = {H. Samelson}
}

@Article{Ehresmann:1938,
  Title                    = {Sur les arcs analytique d'un espace de {C}artan},
  Author                   = {Ehresmann, Charles},
  Journal                  = {C. R. Acad. Sci. Paris},
  Year                     = {1938},
  Pages                    = {1433}
}

@Article{Ehresmann:1936,
  Title                    = {Sur la notion d'espace complet en g{\'e}om{\'e}trie diff{\'e}rentielle},
  Author                   = {Ehresmann, Charles},
  Journal                  = {C. R. Acad. Sci. Paris},
  Year                     = {1936},
  Pages                    = {2033},
  Volume                   = {202}
}

@Book{Felix/Oprea/Tanre:2008,
  Title                    = {Algebraic models in geometry},
  Author                   = {F\'elix, Yves and Oprea, John and Tanr\'e, Daniel},
  Publisher                = {Oxford University Press, Oxford},
  Year                     = {2008},
  Series                   = {Oxford Graduate Texts in Mathematics},
  Volume                   = {17},

  ISBN                     = {978-0-19-920651-3},
  Mrclass                  = {55P62 (53-02 53C22 53D35 55-02)},
  Mrnumber                 = {2403898},
  Mrreviewer               = {Samuel B. Smith},
  Owner                    = {user},
  Pages                    = {xxii+460},
  Timestamp                = {2017.05.17}
}

@Article{FeffermanGraham:1985,
  Title                    = {Conformal invariants},
  Author                   = {Fefferman, Charles and Graham, C. Robin},
  Journal                  = {Ast\'erisque},
  Year                     = {1985},
  Note                     = {The mathematical heritage of \'Elie Cartan (Lyon, 1984)},
  Number                   = {Numero Hors Serie},
  Pages                    = {95--116},

  Fjournal                 = {Ast\'erisque},
  ISSN                     = {0303-1179},
  Mrclass                  = {53C20 (32C10 53A30)},
  Mrnumber                 = {87g:53060},
  Mrreviewer               = {Claude LeBrun}
}

@Article{Fels:1996,
  Title                    = {The inverse problem of the calculus of variations for scalar fourth-order ordinary differential equations},
  Author                   = {Fels, Mark E.},
  Journal                  = {Trans. Amer. Math. Soc.},
  Year                     = {1996},
  Number                   = {12},
  Pages                    = {5007--5029},
  Volume                   = {348},

  Coden                    = {TAMTAM},
  Fjournal                 = {Transactions of the American Mathematical Society},
  ISSN                     = {0002-9947},
  Mrclass                  = {49N45 (34A26)},
  Mrnumber                 = {MR1373634 (97f:49047)},
  Mrreviewer               = {Ian M. Anderson}
}

@Article{Fels:1995,
  Title                    = {The equivalence problem for systems of second-order ordinary differential equations},
  Author                   = {Fels, Mark E.},
  Journal                  = {Proc. London Math. Soc. (3)},
  Year                     = {1995},
  Number                   = {1},
  Pages                    = {221--240},
  Volume                   = {71},

  Coden                    = {PLMTAL},
  Fjournal                 = {Proceedings of the London Mathematical Society. Third Series},
  ISSN                     = {0024-6115},
  Mrclass                  = {58H05 (34A26 58F37)},
  Mrnumber                 = {MR1327940 (96d:58157)},
  Mrreviewer               = {Niky Kamran}
}

@PhdThesis{Fels:1993,
  Title                    = {Some applications of {C}artan's method of equivalence to the geometric study of ordinary and partial differential equations},
  Author                   = {Fels, Mark E.},
  School                   = {McGill University},
  Year                     = {1993},

  Address                  = {Montreal},

  Pages                    = {vii+104}
}

@Article{Fischer:1969,
  Title                    = {Holomorph-vollst\"andige {F}aserb\"undel},
  Author                   = {Fischer, Gerd},
  Journal                  = {Math. Ann.},
  Year                     = {1969},
  Pages                    = {341--348},
  Volume                   = {180},

  Fjournal                 = {Mathematische Annalen},
  ISSN                     = {0025-5831},
  Mrclass                  = {32.49},
  Mrnumber                 = {0241694 (39 \#3033)},
  Mrreviewer               = {A. Morimoto},
  Owner                    = {ben},
  Timestamp                = {2014.04.16}
}

@Book{Forster:1991,
  Title                    = {Lectures on {R}iemann surfaces},
  Author                   = {Forster, Otto},
  Publisher                = {Springer-Verlag},
  Year                     = {1991},

  Address                  = {New York},
  Note                     = {Translated from the 1977 German original by Bruce Gilligan, Reprint of the 1981 English translation},
  Series                   = {Graduate Texts in Mathematics},
  Volume                   = {81},

  ISBN                     = {0-387-90617-7},
  Mrclass                  = {30Fxx (14H55 32-01)},
  Mrnumber                 = {93h:30061},
  Pages                    = {viii+254}
}

@Article{Forster:1967,
  Title                    = {Some remarks on parallelizable {S}tein manifolds},
  Author                   = {Forster, Otto},
  Journal                  = {Bull. Amer. Math. Soc.},
  Year                     = {1967},
  Number                   = {5},
  Pages                    = {712--716},
  Volume                   = {73}
}

@Article{Frittelli/Newman/Nurowski:2003,
  Title                    = {Conformal {L}orentzian metrics on the spaces of curves and 2-surfaces},
  Author                   = {Frittelli, Simonetta and Newman, Ezra T. and Nurowski, Pawe{\l}},
  Journal                  = {Classical Quantum Gravity},
  Year                     = {2003},
  Number                   = {16},
  Pages                    = {3649--3659},
  Volume                   = {20},

  Coden                    = {CQGRDG},
  Fjournal                 = {Classical and Quantum Gravity},
  ISSN                     = {0264-9381},
  Mrclass                  = {53C50 (34A26 35A30)},
  Mrnumber                 = {MR2001687 (2004j:53088)},
  Mrreviewer               = {Maciej Przanowski}
}

@InCollection{Fulton:2004,
  Title                    = {On the quantum cohomology of homogeneous varieties},
  Author                   = {Fulton, William},
  Booktitle                = {The legacy of Niels Henrik Abel},
  Publisher                = {Springer},
  Year                     = {2004},

  Address                  = {Berlin},
  Pages                    = {729--736},

  Mrclass                  = {14N35 (14M15)},
  Mrnumber                 = {MR2077592 (2005d:14077)},
  Mrreviewer               = {Laura Costa}
}

@Book{Fulton/Harris:1991,
  Title                    = {Representation theory},
  Author                   = {Fulton, William and Harris, Joe},
  Publisher                = {Springer-Verlag},
  Year                     = {1991},

  Address                  = {New York},
  Note                     = {A first course, Readings in Mathematics},
  Series                   = {Graduate Texts in Mathematics},
  Volume                   = {129},

  ISBN                     = {0-387-97527-6; 0-387-97495-4},
  Mrclass                  = {20G05 (17B10 20G20 22E46)},
  Mrnumber                 = {93a:20069},
  Mrreviewer               = {James E. Humphreys},
  Pages                    = {xvi+551}
}

@InCollection{Fulton/Pandharipande:1997,
  Title                    = {Notes on stable maps and quantum cohomology},
  Author                   = {Fulton, William and Pandharipande, Rahul},
  Booktitle                = {Algebraic geometry---Santa Cruz 1995},
  Publisher                = {Amer. Math. Soc.},
  Year                     = {1997},

  Address                  = {Providence, RI},
  Pages                    = {45--96},
  Series                   = {Proc. Sympos. Pure Math.},
  Volume                   = {62},

  Mrclass                  = {14H10 (14E99 14N10)},
  Mrnumber                 = {MR1492534 (98m:14025)},
  Mrreviewer               = {Alexandre I. Kabanov}
}

@Article{Gallo/Kapovich/Marden:2000,
  Title                    = {The monodromy groups of {S}chwarzian equations on closed {R}iemann surfaces},
  Author                   = {Gallo, Daniel and Kapovich, Michael and Marden, Albert},
  Journal                  = {Ann. of Math.},
  Year                     = {2000},
  Number                   = {2},
  Pages                    = {625--704},
  Volume                   = {151},

  Coden                    = {ANMAAH},
  ISSN                     = {0003-486x},
  Series                   = {2}
}

@Book{Gardner:1989,
  Title                    = {The method of equivalence and its applications},
  Author                   = {Gardner, Robert B.},
  Publisher                = {Society for Industrial and Applied Mathematics (SIAM)},
  Year                     = {1989},

  Address                  = {Philadelphia, PA},
  Series                   = {CBMS-NSF Regional Conference Series in Applied Mathematics},
  Volume                   = {58},

  ISBN                     = {0-89871-240-8},
  Mrclass                  = {58A15 (53C10 58G35 93B27)},
  Mrnumber                 = {MR1062197 (91j:58007)},
  Mrreviewer               = {Irl Bivens},
  Pages                    = {viii+127}
}

@Article{Gauduchon:1985,
  Title                    = {Les metriques standard d'une surface a premier nombre de Betti pair},
  Author                   = {Gauduchon, Paul},
  Journal                  = {Asterisque},
  Year                     = {1985},
  Pages                    = {129--135},
  Volume                   = {126}
}

@Article{Gerstenhaber:1964,
  Title                    = {On the deformation of rings and algebras},
  Author                   = {Gerstenhaber, Murray},
  Journal                  = {Ann. of Math. (2)},
  Year                     = {1964},
  Pages                    = {59--103},
  Volume                   = {79},

  Mrclass                  = {16.90 (13.93)},
  Mrnumber                 = {MR0171807 (30 \#2034)},
  Mrreviewer               = {D. Zelinsky}
}

@Article{Godlinski/Nurowski:2007,
  author     = {Godlinski, Michal and Nurowski, Pawel},
  journal    = {J. Geom. Phys.},
  title      = {{$GL(2,\mathbb{R})$} geometry of {ODE}'s},
  year       = {2010},
  issn       = {0393-0440},
  number     = {6-8},
  pages      = {991--1027},
  volume     = {60},
  coden      = {JGPHE5},
  doi        = {10.1016/j.geomphys.2010.03.003},
  fjournal   = {Journal of Geometry and Physics},
  mrclass    = {53C10 (34A26 37C10)},
  mrnumber   = {2647299 (2011e:53027)},
  mrreviewer = {Valentino Tosatti},
  url        = {http://dx.doi.org/10.1016/j.geomphys.2010.03.003},
}

@InProceedings{Goldman:2010,
  Title                    = {Locally homogeneous geometric manifolds},
  Author                   = {Goldman, William M.},
  Booktitle                = {Proceedings of the {I}nternational {C}ongress of {M}athematicians. {V}olume {II}},
  Year                     = {2010},

  Address                  = {New Delhi},
  Pages                    = {717--744},
  Publisher                = {Hindustan Book Agency},

  Mrclass                  = {57M50 (57N16)},
  Mrnumber                 = {2827816 (2012g:57034)},
  Mrreviewer               = {Bruno P. Zimmermann},
  Owner                    = {ben},
  Timestamp                = {2013.02.05}
}

@Book{Grauert.Remmert:1984,
  Title                    = {Coherent analytic sheaves},
  Author                   = {Grauert, Hans and Remmert, Reinhold},
  Publisher                = {Springer-Verlag, Berlin},
  Year                     = {1984},
  Series                   = {Grundlehren der Mathematischen Wissenschaften [Fundamental
 Principles of Mathematical Sciences]},
  Volume                   = {265},

  Doi                      = {10.1007/978-3-642-69582-7},
  ISBN                     = {3-540-13178-7},
  Mrclass                  = {32-02 (32Bxx 32C30)},
  Mrnumber                 = {755331},
  Mrreviewer               = {Daniel Barlet},
  Owner                    = {user},
  Pages                    = {xviii+249},
  Timestamp                = {2018.06.02},
  Url                      = {https://doi.org/10.1007/978-3-642-69582-7}
}

@Article{Griffiths:1963a,
  Title                    = {Some geometric and analytic properties of homogeneous complex manifolds. {I}. {S}heaves and cohomology},
  Author                   = {Griffiths, Phillip A.},
  Journal                  = {Acta Math.},
  Year                     = {1963},
  Pages                    = {115--155},
  Volume                   = {110},

  Doi                      = {10.1007/BF02391857},
  Fjournal                 = {Acta Mathematica},
  ISSN                     = {0001-5962},
  Mrclass                  = {22.70 (32.32)},
  Mrnumber                 = {0149506},
  Mrreviewer               = {H. B. Shutrick},
  Owner                    = {user},
  Timestamp                = {2017.07.20},
  Url                      = {http://0-dx.doi.org.library.ucc.ie/10.1007/BF02391857}
}

@Article{Griffiths:1963b,
  Title                    = {Some geometric and analytic properties of homogeneous complex manifolds. {II}. {D}eformation and bundle theory},
  Author                   = {Griffiths, Phillip A.},
  Journal                  = {Acta Math.},
  Year                     = {1963},
  Pages                    = {157--208},
  Volume                   = {110},

  Doi                      = {10.1007/BF02391858},
  Fjournal                 = {Acta Mathematica},
  ISSN                     = {0001-5962},
  Mrclass                  = {22.70 (32.50)},
  Mrnumber                 = {0154300},
  Mrreviewer               = {H. B. Shutrick},
  Owner                    = {user},
  Timestamp                = {2017.07.20},
  Url                      = {http://0-dx.doi.org.library.ucc.ie/10.1007/BF02391858}
}

@Article{Griffiths:1963c,
  Title                    = {On the differential geometry of homogeneous vector bundles},
  Author                   = {Griffiths, Phillip A.},
  Journal                  = {Trans. Amer. Math. Soc.},
  Year                     = {1963},
  Pages                    = {1--34},
  Volume                   = {109},

  Doi                      = {10.2307/1993644},
  Fjournal                 = {Transactions of the American Mathematical Society},
  ISSN                     = {0002-9947},
  Mrclass                  = {53.66 (22.70)},
  Mrnumber                 = {0162248},
  Mrreviewer               = {H. B. Shutrick},
  Owner                    = {user},
  Timestamp                = {2017.07.20},
  Url                      = {http://0-dx.doi.org.library.ucc.ie/10.2307/1993644}
}

@Article{Griffiths:1962,
  Title                    = {On certain homogeneous complex manifolds},
  Author                   = {Griffiths, Phillip A.},
  Journal                  = {Proc. Nat. Acad. Sci. U.S.A.},
  Year                     = {1962},
  Pages                    = {780--783},
  Volume                   = {48},

  Fjournal                 = {Proceedings of the National Academy of Sciences of the United States of America},
  ISSN                     = {0027-8424},
  Mrclass                  = {53.66 (22.70)},
  Mrnumber                 = {0137128},
  Mrreviewer               = {W. M. Boothby},
  Owner                    = {user},
  Timestamp                = {2017.07.20}
}

@Book{Hormander:1990,
  Title                    = {An introduction to complex analysis in several variables},
  Author                   = {H{\"o}rmander, Lars},
  Publisher                = {North-Holland Publishing Co.},
  Year                     = {1990},

  Address                  = {Amsterdam},
  Edition                  = {Third},
  Series                   = {North-Holland Mathematical Library},
  Volume                   = {7},

  ISBN                     = {0-444-88446-7},
  Mrclass                  = {32-01 (35N15)},
  Mrnumber                 = {MR1045639 (91a:32001)},
  Pages                    = {xii+254}
}

@Book{Hartshorne:1977,
  Title                    = {Algebraic geometry},
  Author                   = {Hartshorne, Robin},
  Publisher                = {Springer-Verlag, New York-Heidelberg},
  Year                     = {1977},
  Note                     = {Graduate Texts in Mathematics, No. 52},

  ISBN                     = {0-387-90244-9},
  Mrclass                  = {14-01},
  Mrnumber                 = {0463157},
  Mrreviewer               = {Robert Speiser},
  Owner                    = {user},
  Pages                    = {xvi+496},
  Timestamp                = {2016.11.03}
}

@Book{Helgason:1978,
  Title                    = {Differential geometry, {L}ie groups, and symmetric spaces},
  Author                   = {Helgason, Sigurdur},
  Publisher                = {American Mathematical Society},
  Year                     = {2001},

  Address                  = {Providence, RI},
  Note                     = {Corrected reprint of the 1978 original},
  Series                   = {Graduate Studies in Mathematics},
  Volume                   = {34},

  ISBN                     = {0-8218-2848-7},
  Mrclass                  = {53C35 (22E10 22E46 22E60)},
  Mrnumber                 = {MR1834454 (2002b:53081)},
  Owner                    = {user},
  Pages                    = {xxvi+641},
  Timestamp                = {2016.08.04}
}

@Book{Hilgert.Neeb:2012,
  Title                    = {Structure and geometry of {L}ie groups},
  Author                   = {Hilgert, Joachim and Neeb, Karl-Hermann},
  Publisher                = {Springer, New York},
  Year                     = {2012},
  Series                   = {Springer Monographs in Mathematics},

  Doi                      = {10.1007/978-0-387-84794-8},
  ISBN                     = {978-0-387-84793-1; 978-0-387-84794-8},
  Mrclass                  = {22-02 (22-01)},
  Mrnumber                 = {3025417},
  Mrreviewer               = {K. Strambach},
  Owner                    = {user},
  Pages                    = {x+744},
  Timestamp                = {2016.08.25},
  Url                      = {http://0-dx.doi.org.library.ucc.ie/10.1007/978-0-387-84794-8}
}

@InCollection{Hirzebruch:1958,
  Title                    = {Automorphe {F}ormen und der {S}atz von {R}iemann-{R}och},
  Author                   = {Hirzebruch, Friedrich},
  Booktitle                = {Symposium internacional de topolog\'\i a algebraica {I}nternational symposium on algebraic topology},
  Publisher                = {Universidad Nacional Aut\'onoma de M\'exico and UNESCO, Mexico City},
  Year                     = {1958},
  Pages                    = {129--144},

  Mrclass                  = {32.00},
  Mrnumber                 = {0103280},
  Mrreviewer               = {R. Bott},
  Owner                    = {user},
  Timestamp                = {2016.12.30}
}

@Book{Hochschild:1981,
  Title                    = {Basic theory of algebraic groups and {L}ie algebras},
  Author                   = {Hochschild, Gerhard P.},
  Publisher                = {Springer-Verlag, New York-Berlin},
  Year                     = {1981},
  Series                   = {Graduate Texts in Mathematics},
  Volume                   = {75},

  ISBN                     = {0-387-90541-3},
  Mrclass                  = {20-02 (17-01 20Gxx)},
  Mrnumber                 = {620024},
  Mrreviewer               = {R. H. Dye},
  Owner                    = {user},
  Pages                    = {viii+267},
  Timestamp                = {2016.10.17}
}

@InCollection{Huckleberry:1990,
  Title                    = {Actions of groups of holomorphic transformations},
  Author                   = {Huckleberry, Alan T.},
  Booktitle                = {Several complex variables, {VI}},
  Publisher                = {Springer, Berlin},
  Year                     = {1990},
  Pages                    = {143--196},
  Series                   = {Encyclopaedia Math. Sci.},
  Volume                   = {69},

  Mrclass                  = {32M05 (32M10)},
  Mrnumber                 = {1095091},
  Mrreviewer               = {B. Gilligan},
  Owner                    = {user},
  Timestamp                = {2016.12.30}
}

@Article{Huckleberry:1986,
  Title                    = {The classification of homogeneous surfaces},
  Author                   = {Huckleberry, Alan T.},
  Journal                  = {Exposition. Math.},
  Year                     = {1986},
  Number                   = {4},
  Pages                    = {289--334},
  Volume                   = {4},

  ISSN                     = {0723-0869}
}

@Book{Humphreys:1975,
  Title                    = {Linear algebraic groups},
  Author                   = {Humphreys, James E.},
  Publisher                = {Springer-Verlag, New York-Heidelberg},
  Year                     = {1975},
  Note                     = {Graduate Texts in Mathematics, No. 21},

  Mrclass                  = {20GXX (14LXX)},
  Mrnumber                 = {0396773 (53 \#633)},
  Mrreviewer               = {T. Ono},
  Owner                    = {ben},
  Pages                    = {xiv+247},
  Timestamp                = {2014.04.15}
}

@Book{Huybrechts/Lehn:2010,
  Title                    = {The geometry of moduli spaces of sheaves},
  Author                   = {Huybrechts, Daniel and Lehn, Manfred},
  Publisher                = {Cambridge University Press, Cambridge},
  Year                     = {2010},
  Edition                  = {Second},
  Series                   = {Cambridge Mathematical Library},

  Doi                      = {10.1017/CBO9780511711985},
  ISBN                     = {978-0-521-13420-0},
  Mrclass                  = {14D20 (14F05)},
  Mrnumber                 = {2665168},
  Owner                    = {user},
  Pages                    = {xviii+325},
  Timestamp                = {2017.04.01},
  Url                      = {http://0-dx.doi.org.library.ucc.ie/10.1017/CBO9780511711985}
}

@Unpublished{Hwang:2000,
  Title                    = {Geometry of Minimal Rational Curves on {F}ano Manifolds},
  Author                   = {Hwang, Jun-Muk},
  Note                     = {Lecture given at the School on Vanishing Theorems and Effective Results in Algebraic Geometry},
  Year                     = {2000},

  Address                  = {Trieste},
  Date                     = {25 April--12 May}
}

@Article{Hwang/Mok:2005,
  Title                    = {Prolongations of infinitesimal linear automorphisms of projective varieties and rigidity of rational homogeneous spaces of {P}icard number 1 under {K}\"ahler deformation},
  Author                   = {Hwang, Jun-Muk and Mok, Ngaiming},
  Journal                  = {Invent. Math.},
  Year                     = {2005},
  Pages                    = {591--645},
  Volume                   = {160},

  Fjournal                 = {Inventiones Mathematicae}
}

@Article{Hwang/Mok:1998,
  Title                    = {Rigidity of irreducible {H}ermitian symmetric spaces of the compact type under {K}\"ahler deformation},
  Author                   = {Hwang, Jun-Muk and Mok, Ngaiming},
  Journal                  = {Invent. Math.},
  Year                     = {1998},
  Number                   = {2},
  Pages                    = {393--418},
  Volume                   = {131},

  Coden                    = {INVMBH},
  Fjournal                 = {Inventiones Mathematicae},
  ISSN                     = {0020-9910},
  Mrclass                  = {32G05 (32J27 32M15)},
  Mrnumber                 = {MR1608587 (99b:32027)},
  Mrreviewer               = {Kimio Miyajima}
}

@Article{Hwang/Mok:1997,
  Title                    = {Uniruled projective manifolds with irreducible reductive {$G$}-structures},
  Author                   = {Hwang, Jun-Muk and Mok, Ngaiming},
  Journal                  = {J. Reine Angew. Math.},
  Year                     = {1997},
  Pages                    = {55--64},
  Volume                   = {490},

  Coden                    = {JRMAA8},
  Fjournal                 = {Journal f\"ur die Reine und Angewandte Mathematik},
  ISSN                     = {0075-4102},
  Mrclass                  = {32L07 (14J60 53C10)},
  Mrnumber                 = {MR1468924 (99h:32034)}
}

@Book{CRCTwo,
  Title                    = {C{RC} handbook of {L}ie group analysis of differential equations. {V}ol. 2},
  Author                   = {Ibragimov, Nail H. and Aksenov, A. V. and Baikov, V. A. and Chugunov, Vladimir A. and Gazizov, Rafail. K. and Meshkov, Anatoly. G.},
  Publisher                = {CRC Press},
  Year                     = {1995},

  Address                  = {Boca Raton, FL},
  Note                     = {Applications in engineering and physical sciences, Edited by Ibragimov},

  ISBN                     = {0-8493-2864-0},
  Mrclass                  = {58G35 (00A05 00A20 00A79 22E70 34A34 35A30 58-02)},
  Mrnumber                 = {98b:58175},
  Mrreviewer               = {Juha Pohjanpelto},
  Pages                    = {xx+546}
}

@Article{Ibragimov/Meleshko:2005,
  Title                    = {Linearization of third-order ordinary differential equations by point and contact transformations},
  Author                   = {Ibragimov, Nail H. and Meleshko, Sergey V.},
  Journal                  = {J. Math. Anal. Appl.},
  Year                     = {2005},
  Number                   = {1},
  Pages                    = {266--289},
  Volume                   = {308},

  Coden                    = {JMANAK},
  Fjournal                 = {Journal of Mathematical Analysis and Applications},
  ISSN                     = {0022-247X},
  Mrclass                  = {34A25 (34A34 34C20)},
  Mrnumber                 = {MR2142418 (2006a:34015)},
  Mrreviewer               = {Metin G{\"u}rses}
}

@Book{Iitaka:1982,
  Title                    = {Algebraic geometry},
  Author                   = {Iitaka, Shigeru},
  Publisher                = {Springer-Verlag, New York-Berlin},
  Year                     = {1982},
  Note                     = {An introduction to birational geometry of algebraic varieties, North-Holland Mathematical Library, 24},
  Series                   = {Graduate Texts in Mathematics},
  Volume                   = {76},

  ISBN                     = {0-387-90546-4},
  Mrclass                  = {14-01 (14-02 14E05)},
  Mrnumber                 = {637060},
  Mrreviewer               = {Werner Kleinert},
  Owner                    = {user},
  Pages                    = {x+357},
  Timestamp                = {2016.08.10}
}

@Article{Ivashkovich:2008,
  Title                    = {Extra extension properties of equidimensional holomorphic mappings: results and open questions},
  Author                   = {Ivashkovich, Sergei},
  Journal                  = {Mat. Stud.},
  Year                     = {2008},
  Number                   = {2},
  Pages                    = {198--213},
  Volume                   = {30},

  Fjournal                 = {Matematichn\=\i\ Stud\=\i \"\i. Prats\=\i\ L\cprime v\=\i vs\cprime kogo Matematichnogo Tovaristva},
  ISSN                     = {1027-4634},
  Mrclass                  = {32D15 (32H02 32Q15 32Q28)},
  Mrnumber                 = {2502929 (2010f:32006)},
  Mrreviewer               = {Rasul Shafikov},
  Owner                    = {ben},
  Timestamp                = {2013.02.03}
}

@Book{Jacobson:1985,
  Title                    = {Basic algebra. {I}},
  Author                   = {Jacobson, Nathan},
  Publisher                = {W. H. Freeman and Company, New York},
  Year                     = {1985},
  Edition                  = {Second},

  ISBN                     = {0-7167-1480-9},
  Mrclass                  = {00A05 (12-01)},
  Mrnumber                 = {780184},
  Owner                    = {user},
  Pages                    = {xviii+499},
  Timestamp                = {2018.06.18}
}

@Article{Jahnke/Radloff:2015,
  Title                    = {Projective uniformization, extremal {C}hern classes and quaternionic {S}himura curves},
  Author                   = {Jahnke, Priska and Radloff, Ivo},
  Journal                  = {Math. Ann.},
  Year                     = {2015},
  Number                   = {3-4},
  Pages                    = {753--776},
  Volume                   = {363},

  Doi                      = {10.1007/s00208-015-1185-0},
  Fjournal                 = {Mathematische Annalen},
  ISSN                     = {0025-5831},
  Mrclass                  = {53B10 (14D06 14K10)},
  Mrnumber                 = {3412342},
  Mrreviewer               = {Nicolae Manolache},
  Owner                    = {user},
  Timestamp                = {2016.08.09},
  Url                      = {http://0-dx.doi.org.library.ucc.ie/10.1007/s00208-015-1185-0}
}

@Article{Jahnke/Radloff:2004,
  Title                    = {Threefolds with holomorphic normal projective connections},
  Author                   = {Jahnke, Priska and Radloff, Ivo},
  Journal                  = {Math. Ann.},
  Year                     = {2004},
  Number                   = {3},
  Pages                    = {379--400},
  Volume                   = {329},

  Coden                    = {MAANA},
  Doi                      = {10.1007/s00208-004-0406-8},
  Fjournal                 = {Mathematische Annalen},
  ISSN                     = {0025-5831},
  Mrclass                  = {14J30 (14E30)},
  Mrnumber                 = {2127983 (2005m:14068)},
  Mrreviewer               = {Carlo Giovanni Madonna},
  Owner                    = {ben},
  Timestamp                = {2013.02.22},
  Url                      = {http://dx.doi.org/10.1007/s00208-004-0406-8}
}

@Book{Joyce:2000,
  Title                    = {Compact manifolds with special holonomy},
  Author                   = {Joyce, Dominic D.},
  Publisher                = {Oxford University Press, Oxford},
  Year                     = {2000},
  Series                   = {Oxford Mathematical Monographs},

  ISBN                     = {0-19-850601-5},
  Mrclass                  = {53C29 (14J32 53-01 53-02 53C26 58J60 81T30)},
  Mrnumber                 = {1787733},
  Mrreviewer               = {Andrew Swann},
  Owner                    = {user},
  Pages                    = {xii+436},
  Timestamp                = {2017.04.18}
}

@Article{Kajiwara/Sakai:1967,
  author     = {Kajiwara, Joji and Sakai, Eiichi},
  journal    = {Nagoya Math. J.},
  title      = {Generalization of {L}evi-{O}ka's theorem concerning meromorphic functions.},
  year       = {1967},
  issn       = {0027-7630},
  pages      = {75--84},
  volume     = {29},
  fjournal   = {Nagoya Mathematical Journal},
  mrclass    = {32.20},
  mrnumber   = {MR0243106 (39 \#4430)},
  mrreviewer = {P. Lelong},
}

@Article{Karcher:1977,
  Title                    = {Riemannian center of mass and mollifier smoothing},
  Author                   = {H. Karcher},
  Journal                  = {Communications on Pure and Applied Mathematics},
  Year                     = {1977},
  Volume                   = {30},

  Doi                      = {10.1002/cpa.3160300502},
  Issne                    = {1097-0312},
  Issnp                    = {0010-3640},
  Issue                    = {5},
  Owner                    = {user},
  Page                     = {509--541},
  Publisher                = {John Wiley and Sons},
  Timestamp                = {2017.01.04},
  Url                      = {http://gen.lib.rus.ec/scimag/index.php?s=10.1002/cpa.3160300502}
}

@Article{Katzarkov:1999,
  Title                    = {The geometry of large fundamental groups},
  Author                   = {Katzarkov, L.},
  Journal                  = {J. Math. Sci. (New York)},
  Year                     = {1999},
  Note                     = {Algebraic geometry, 9},
  Number                   = {1},
  Pages                    = {1100--1110},
  Volume                   = {94},

  Coden                    = {JMTSEW},
  Doi                      = {10.1007/BF02367250},
  Fjournal                 = {Journal of Mathematical Sciences (New York)},
  ISSN                     = {1072-3374},
  Mrclass                  = {14F35 (14E20 32Q45)},
  Mrnumber                 = {1703909},
  Owner                    = {user},
  Timestamp                = {2016.08.09},
  Url                      = {http://0-dx.doi.org.library.ucc.ie/10.1007/BF02367250}
}

@InCollection{Katzarkov:1997,
  Title                    = {On the {S}hafarevich maps},
  Author                   = {Katzarkov, L.},
  Booktitle                = {Algebraic geometry---{S}anta {C}ruz 1995},
  Publisher                = {Amer. Math. Soc., Providence, RI},
  Year                     = {1997},
  Pages                    = {173--216},
  Series                   = {Proc. Sympos. Pure Math.},
  Volume                   = {62},

  Doi                      = {10.1090/pspum/062.2/1492537},
  Mrclass                  = {14C30 (14E20 14F45 32E10)},
  Mrnumber                 = {1492537},
  Mrreviewer               = {Allen B. Altman},
  Owner                    = {user},
  Timestamp                = {2016.08.09},
  Url                      = {http://0-dx.doi.org.library.ucc.ie/10.1090/pspum/062.2/1492537}
}

@Book{Kaup/Kaup:1983,
  Title                    = {Holomorphic functions of several variables},
  Author                   = {Kaup, Ludger and Kaup, Burchard},
  Publisher                = {Walter de Gruyter \& Co.},
  Year                     = {1983},

  Address                  = {Berlin},
  Note                     = {An introduction to the fundamental theory, With the assistance of Gottfried Barthel, Translated from the German by Michael Bridgland},
  Series                   = {de Gruyter Studies in Mathematics},
  Volume                   = {3},

  ISBN                     = {3-11-004150-2},
  Mrclass                  = {32-01},
  Mrnumber                 = {MR716497 (85k:32001)},
  Mrreviewer               = {R. Michael Range},
  Pages                    = {xv+349}
}

@Article{Kawamata:1991,
  Title                    = {On the length of an extremal rational curve},
  Author                   = {Kawamata, Yujiro},
  Journal                  = {Invent. Math.},
  Year                     = {1991},
  Number                   = {3},
  Pages                    = {609--611},
  Volume                   = {105},

  Coden                    = {INVMBH},
  Doi                      = {10.1007/BF01232281},
  Fjournal                 = {Inventiones Mathematicae},
  ISSN                     = {0020-9910},
  Mrclass                  = {14E30 (14E99)},
  Mrnumber                 = {1117153},
  Mrreviewer               = {Peter Nielsen},
  Owner                    = {user},
  Timestamp                = {2016.08.10},
  Url                      = {http://0-dx.doi.org.library.ucc.ie/10.1007/BF01232281}
}

@Article{Kawamata:1985,
  Title                    = {Minimal models and the {K}odaira dimension of algebraic fiber spaces},
  Author                   = {Kawamata, Yujiro},
  Journal                  = {J. Reine Angew. Math.},
  Year                     = {1985},
  Pages                    = {1--46},
  Volume                   = {363},

  Coden                    = {JRMAA8},
  Doi                      = {10.1515/crll.1985.363.1},
  Fjournal                 = {Journal f\"ur die Reine und Angewandte Mathematik},
  ISSN                     = {0075-4102},
  Mrclass                  = {14E30 (14J10 14J15)},
  Mrnumber                 = {814013},
  Mrreviewer               = {Eckart Viehweg},
  Owner                    = {user},
  Timestamp                = {2016.08.09},
  Url                      = {http://0-dx.doi.org.library.ucc.ie/10.1515/crll.1985.363.1}
}

@Article{Kazarian/Montgomery/Shapiro:1997,
  Title                    = {Characteristic classes for the degenerations of two-plane fields in four dimensions},
  Author                   = {Kazarian, Maxim and Montgomery, Richard and Shapiro, Boris},
  Journal                  = {Pacific J. Math.},
  Year                     = {1997},
  Number                   = {2},
  Pages                    = {355--370},
  Volume                   = {179},

  Coden                    = {PJMAAI},
  Fjournal                 = {Pacific Journal of Mathematics},
  ISSN                     = {0030-8730},
  Mrclass                  = {57R20 (57N13 57R25 58A30)},
  Mrnumber                 = {MR1452539 (98d:57046)},
  Mrreviewer               = {Francisco G{\'o}mez Ruiz}
}

@Article{Klingler:2001,
  Title                    = {Un th\'eor\`eme de rigidit\'e non-m\'etrique pour les vari\'et\'es localement sym\'etriques hermitiennes},
  Author                   = {Klingler, Bruno},
  Journal                  = {Comment. Math. Helv.},
  Year                     = {2001},
  Number                   = {2},
  Pages                    = {200--217},
  Volume                   = {76},

  Coden                    = {COMHAX},
  Doi                      = {10.1007/s00014-001-8320-0},
  Fjournal                 = {Commentarii Mathematici Helvetici},
  ISSN                     = {0010-2571},
  Mrclass                  = {53C24 (22E40 32M15 53C35)},
  Mrnumber                 = {1839345 (2002k:53076)},
  Mrreviewer               = {David Michael Fisher},
  Owner                    = {ben},
  Timestamp                = {2013.03.02},
  Url                      = {http://dx.doi.org/10.1007/s00014-001-8320-0}
}

@Article{Klingler:1998,
  Title                    = {Structures affines et projectives sur les surfaces complexes},
  Author                   = {Klingler, Bruno},
  Journal                  = {Ann. Inst. Fourier (Grenoble)},
  Year                     = {1998},
  Number                   = {2},
  Pages                    = {441--477},
  Volume                   = {48},

  Coden                    = {AIFUA7},
  Fjournal                 = {Universit\'e de Grenoble. Annales de l'Institut Fourier},
  ISSN                     = {0373-0956},
  Mrclass                  = {32J15 (57M50)},
  Mrnumber                 = {1625606 (99c:32038)},
  Mrreviewer               = {William Goldman},
  Owner                    = {ben},
  Timestamp                = {2013.02.22},
  Url                      = {http://www.numdam.org/item?id=AIF_1998__48_2_441_0}
}

@Book{Knapp:2002,
  Title                    = {Lie groups beyond an introduction},
  Author                   = {Knapp, Anthony W.},
  Publisher                = {Birkh\"auser Boston Inc.},
  Year                     = {2002},

  Address                  = {Boston, MA},
  Edition                  = {Second},
  Series                   = {Progress in Mathematics},
  Volume                   = {140},

  ISBN                     = {0-8176-4259-5},
  Mrclass                  = {22-01},
  Mrnumber                 = {MR1920389 (2003c:22001)},
  Pages                    = {xviii+812}
}

@Book{Kobayashi:1998,
  Title                    = {Hyperbolic complex spaces},
  Author                   = {Kobayashi, Sh{\^o}shichi},
  Publisher                = {Springer-Verlag},
  Year                     = {1998},

  Address                  = {Berlin},
  Series                   = {Grundlehren der Mathematischen Wissenschaften [Fundamental Principles of Mathematical Sciences]},
  Volume                   = {318},

  ISBN                     = {3-540-63534-3},
  Mrclass                  = {32H20 (32H15 32H25 32H30)},
  Mrnumber                 = {99m:32026},
  Mrreviewer               = {William A. Cherry},
  Pages                    = {xiv+471}
}

@Book{Kobayashi:1995,
  Title                    = {Transformation groups in differential geometry},
  Author                   = {Kobayashi, Sh{\^o}shichi},
  Publisher                = {Springer-Verlag},
  Year                     = {1995},

  Address                  = {Berlin},
  Note                     = {Reprint of the 1972 edition},

  ISBN                     = {3-540-58659-8},
  Mrclass                  = {53C10 (53-02)},
  Mrnumber                 = {96c:53040},
  Pages                    = {viii+182}
}

@Book{Kobayashi:1987,
  Title                    = {Differential geometry of complex vector bundles},
  Author                   = {Kobayashi, Shoshichi},
  Publisher                = {Princeton University Press, Princeton, NJ; Iwanami Shoten, Tokyo},
  Year                     = {1987},
  Note                     = {Kan{\^o} Memorial Lectures, 5},
  Series                   = {Publications of the Mathematical Society of Japan},
  Volume                   = {15},

  Doi                      = {10.1515/9781400858682},
  ISBN                     = {0-691-08467-X},
  Mrclass                  = {53C55 (32-02 32L05 32L10 32L20)},
  Mrnumber                 = {909698},
  Mrreviewer               = {Daniel M. Burns, Jr.},
  Owner                    = {user},
  Pages                    = {xii+305},
  Timestamp                = {2017.03.31},
  Url                      = {http://0-dx.doi.org.library.ucc.ie/10.1515/9781400858682}
}

@Article{Kobayashi:1954,
  Title                    = {Espaces \`a connexion de {C}artan complets},
  Author                   = {Kobayashi, Sh{\^o}shichi},
  Journal                  = {Proc. Japan Acad.},
  Year                     = {1954},
  Pages                    = {709--710},
  Volume                   = {30},

  Mrclass                  = {53.0X},
  Mrnumber                 = {MR0069570 (16,1053d)},
  Mrreviewer               = {S. Chern}
}

@InCollection{Kobayashi/Horst:1983,
  Title                    = {Topics in complex differential geometry},
  Author                   = {Kobayashi, Sh{\^o}shichi and Horst, Camilla},
  Booktitle                = {Complex differential geometry},
  Publisher                = {Birkh\"auser},
  Year                     = {1983},

  Address                  = {Basel},
  Pages                    = {4--66},
  Series                   = {DMV Sem.},
  Volume                   = {3},

  Mrclass                  = {53C55 (32C10 53-02)},
  Mrnumber                 = {MR826252 (87g:53097)},
  Mrreviewer               = {Bang-yen Chen}
}

@Article{KobayashiNagano:1965,
  Title                    = {On filtered {L}ie algebras and geometric structures. {II}},
  Author                   = {Kobayashi, Sh{\^o}shichi and Nagano, Tadashi},
  Journal                  = {J. Math. Mech.},
  Year                     = {1965},
  Pages                    = {513--521},
  Volume                   = {14},

  Mrclass                  = {57.70 (53.52)},
  Mrnumber                 = {32 \#2512},
  Mrreviewer               = {J. L. Koszul}
}

@Article{Kobayashi/Nagano:1964,
  Title                    = {A theorem on filtered {L}ie algebras and its applications},
  Author                   = {Kobayashi, Shoshichi and Nagano, Tadashi},
  Journal                  = {Bull. Amer. Math. Soc.},
  Year                     = {1964},
  Pages                    = {401--403},
  Volume                   = {70},

  Doi                      = {10.1090/S0002-9904-1964-11113-7},
  Fjournal                 = {Bulletin of the American Mathematical Society},
  ISSN                     = {0002-9904},
  Mrclass                  = {57.70 (22.90)},
  Mrnumber                 = {0162892},
  Mrreviewer               = {J. L. Koszul},
  Owner                    = {user},
  Timestamp                = {2018.07.22},
  Url                      = {https://doi-org.ucc.idm.oclc.org/10.1090/S0002-9904-1964-11113-7}
}

@Article{KobayashiNagano:1964,
  Title                    = {On projective connections},
  Author                   = {Kobayashi, Sh{\^o}shichi and Nagano, Tadashi},
  Journal                  = {J. Math. Mech.},
  Year                     = {1964},
  Pages                    = {215--235},
  Volume                   = {13},

  Mrclass                  = {53.60},
  Mrnumber                 = {28 \#2501},
  Mrreviewer               = {W. F. Pohl}
}

@Book{Kobayashi/Nomizu:1996,
  Title                    = {Foundations of differential geometry. {V}ol. {I}},
  Author                   = {Kobayashi, Shoshichi and Nomizu, Katsumi},
  Publisher                = {John Wiley \& Sons, Inc., New York},
  Year                     = {1996},
  Note                     = {Reprint of the 1963 original, A Wiley-Interscience Publication},
  Series                   = {Wiley Classics Library},

  ISBN                     = {0-471-15733-3},
  Mrclass                  = {53-01},
  Mrnumber                 = {1393940},
  Owner                    = {user},
  Pages                    = {xii+329},
  Timestamp                = {2016.11.03}
}

@InCollection{Kobayashi/Ochiai:1981,
  Title                    = {Holomorphic structures modeled after compact {H}ermitian symmetric spaces},
  Author                   = {Kobayashi, Sh{\^o}shichi and Ochiai, Takushiro},
  Booktitle                = {Manifolds and Lie groups (Notre Dame, Ind., 1980)},
  Publisher                = {Birkh\"auser Boston},
  Year                     = {1981},

  Address                  = {Mass.},
  Pages                    = {207--222},
  Series                   = {Progr. Math.},
  Volume                   = {14},

  Mrclass                  = {53C35 (32J99 32M15 53C55)},
  Mrnumber                 = {MR642859 (84i:53051)},
  Mrreviewer               = {A. Aeppli}
}

@Article{KobayashiOchiai:1980,
  Title                    = {Holomorphic projective structures on compact complex surfaces},
  Author                   = {Kobayashi, Sh{\^o}shichi and Ochiai, Takushiro},
  Journal                  = {Math. Ann.},
  Year                     = {1980},
  Number                   = {1},
  Pages                    = {75--94},
  Volume                   = {249},

  Coden                    = {MAANA3},
  Fjournal                 = {Mathematische Annalen},
  ISSN                     = {0025-5831},
  Mrclass                  = {32J15},
  Mrnumber                 = {81g:32021},
  Mrreviewer               = {Takao Fujita}
}

@Book{Kodaira:2005,
  Title                    = {Complex manifolds and deformation of complex structures},
  Author                   = {Kodaira, Kunihiko},
  Publisher                = {Springer-Verlag},
  Year                     = {2005},

  Address                  = {Berlin},
  Edition                  = {{E}nglish},
  Note                     = {Translated from the 1981 Japanese original by Kazuo Akao},
  Series                   = {Classics in Mathematics},

  ISBN                     = {3-540-22614-1},
  Mrclass                  = {32G05 (32-02)},
  Mrnumber                 = {MR2109686},
  Pages                    = {x+465}
}

@Article{Kodaira:1968a,
  Title                    = {On the structure of compact complex analytic surfaces {III}},
  Author                   = {Kodaira, Kunihiko},
  Journal                  = {Am. J. Math.},
  Year                     = {1968},
  Pages                    = {55--83},
  Volume                   = {78}
}

@Article{Kodaira:1968b,
  Title                    = {On the structure of compact complex analytic surfaces {IV}},
  Author                   = {Kodaira, Kunihiko},
  Journal                  = {Am. J. Math.},
  Year                     = {1968},
  Pages                    = {1048--1066},
  Volume                   = {90}
}

@Article{Kodaira:1966,
  Title                    = {On the structure of compact complex analytic surfaces {II}},
  Author                   = {Kodaira, Kunihiko},
  Journal                  = {Am. J. Math.},
  Year                     = {1966},
  Pages                    = {682-721},
  Volume                   = {88}
}

@Article{Kodaira:1964,
  Title                    = {On the structure of compact complex analytic surfaces {I}},
  Author                   = {Kodaira, Kunihiko},
  Journal                  = {Am. J. Math.},
  Year                     = {1964},
  Pages                    = {751--798},
  Volume                   = {86}
}

@Article{Kodaira:1962,
  Title                    = {A theorem of completeness of characteristic systems for analytic families of compact submanifolds of complex manifolds},
  Author                   = {Kodaira, Kunihiko},
  Journal                  = {Ann. of Math. (2)},
  Year                     = {1962},
  Pages                    = {146--162},
  Volume                   = {75},

  Fjournal                 = {Annals of Mathematics. Second Series},
  ISSN                     = {0003-486X},
  Mrclass                  = {32.44 (14.20)},
  Mrnumber                 = {MR0133841 (24 \#A3665b)},
  Mrreviewer               = {M. F. Atiyah}
}

@Article{Kodaira:1961,
  Title                    = {A theorem of completeness for analytic systems of surfaces with ordinary singularities},
  Author                   = {Kodaira, Kunihiko},
  Journal                  = {Ann. of Math. (2)},
  Year                     = {1961},
  Pages                    = {591--627},
  Volume                   = {74},

  Fjournal                 = {Annals of Mathematics. Second Series},
  ISSN                     = {0003-486X},
  Mrclass                  = {57.60 (14.20)},
  Mrnumber                 = {MR0133840 (24 \#A3665a)}
}

@Article{Kollar:1993,
  Title                    = {Shafarevich maps and plurigenera of algebraic varieties},
  Author                   = {Koll{\'a}r, J{\'a}nos},
  Journal                  = {Invent. Math.},
  Year                     = {1993},
  Number                   = {1},
  Pages                    = {177--215},
  Volume                   = {113},

  Coden                    = {INVMBH},
  Doi                      = {10.1007/BF01244307},
  Fjournal                 = {Inventiones Mathematicae},
  ISSN                     = {0020-9910},
  Mrclass                  = {14E20 (14E30 14J10)},
  Mrnumber                 = {1223229},
  Mrreviewer               = {Alessio Corti},
  Owner                    = {user},
  Timestamp                = {2016.08.09},
  Url                      = {http://0-dx.doi.org.library.ucc.ie/10.1007/BF01244307}
}

@Article{Kostant:1961,
  Title                    = {Lie algebra cohomology and the generalized {B}orel-{W}eil
 theorem},
  Author                   = {Kostant, Bertram},
  Journal                  = {Ann. of Math. (2)},
  Year                     = {1961},
  Pages                    = {329--387},
  Volume                   = {74},

  Doi                      = {10.2307/1970237},
  Fjournal                 = {Annals of Mathematics. Second Series},
  ISSN                     = {0003-486X},
  Mrclass                  = {22.60 (22.70)},
  Mrnumber                 = {0142696},
  Mrreviewer               = {A. Borel},
  Owner                    = {user},
  Timestamp                = {2018.07.25},
  Url                      = {https://doi-org.ucc.idm.oclc.org/10.2307/1970237}
}

@Article{Krantz:2008,
  Title                    = {The {H}artogs extension phenomenon redux},
  Author                   = {Krantz, Steven G.},
  Journal                  = {Complex Var. Elliptic Equ.},
  Year                     = {2008},
  Number                   = {4},
  Pages                    = {343--353},
  Volume                   = {53},

  Fjournal                 = {Complex Variables and Elliptic Equations. An International Journal},
  ISSN                     = {1747-6933},
  Mrclass                  = {32Dxx},
  Mrnumber                 = {MR2397869}
}

@Article{Lagrange:1957a,
  Title                    = {Sur le groupe de la famille des coniques du plan qui ont un \'el\'ement de contact donn\'e},
  Author                   = {Lagrange, Ren{\'e}},
  Journal                  = {C. R. Acad. Sci. Paris},
  Year                     = {1957},
  Pages                    = {1886--1868},
  Volume                   = {244},

  Mrclass                  = {50.0X},
  Mrnumber                 = {MR0084146 (18,817a)},
  Mrreviewer               = {P. Scherk}
}

@Article{Lagrange:1957b,
  Title                    = {Sur le groupe ponctuel conservant la famille des coniques du plan qui ont un \'el\'ement de contact donn\'e},
  Author                   = {Lagrange, Ren{\'e}},
  Journal                  = {Ann. Sci. \'Ecole Norm. Sup. (3)},
  Year                     = {1957},
  Pages                    = {197--229},
  Volume                   = {74},

  Mrclass                  = {50.00 (20.00)},
  Mrnumber                 = {MR0102042 (21 \#837)},
  Mrreviewer               = {J. L. Tits}
}

@Article{Lai:2011,
  Title                    = {Varieties fibered by good minimal models},
  Author                   = {Lai, Ching-Jui},
  Journal                  = {Math. Ann.},
  Year                     = {2011},
  Number                   = {3},
  Pages                    = {533--547},
  Volume                   = {350},

  Coden                    = {MAANA},
  Doi                      = {10.1007/s00208-010-0574-7},
  Fjournal                 = {Mathematische Annalen},
  ISSN                     = {0025-5831},
  Mrclass                  = {14E30},
  Mrnumber                 = {2805635},
  Mrreviewer               = {Daniel Greb},
  Owner                    = {user},
  Timestamp                = {2016.08.09},
  Url                      = {http://0-dx.doi.org.library.ucc.ie/10.1007/s00208-010-0574-7}
}

@article {Lam.Shimozono:2007,
    AUTHOR = {Lam, Thomas F. and Shimozono, Mark},
     TITLE = {Dual graded graphs for {K}ac-{M}oody algebras},
   JOURNAL = {Algebra Number Theory},
  FJOURNAL = {Algebra \& Number Theory},
    VOLUME = {1},
      YEAR = {2007},
    NUMBER = {4},
     PAGES = {451--488},
      ISSN = {1937-0652},
   MRCLASS = {05E10 (17B67 57M15 57T15)},
  MRNUMBER = {2368957},
MRREVIEWER = {Hiro-Fumi Yamada},
       DOI = {10.2140/ant.2007.1.451},
       URL = {https://doi.org/10.2140/ant.2007.1.451},
}

@Article{Lam.Williams:2008,
  author     = {Lam, Thomas F. and Williams, Lauren},
  journal    = {New York J. Math.},
  title      = {Total positivity for cominuscule {G}rassmannians},
  year       = {2008},
  pages      = {53--99},
  volume     = {14},
  fjournal   = {New York Journal of Mathematics},
  mrclass    = {05E10 (05E15 14M15)},
  mrnumber   = {2383586},
  mrreviewer = {Meirav Topol-Amram},
  url        = {http://nyjm.albany.edu:8000/j/2008/14_53.html},
}

		

@Unpublished{Landsberg:2005,
  Title                    = {Secant varieties, shadows and the Universal {L}ie algebra: Perspectives on the geometry of rational homogeneous varieties},
  Author                   = {Landsberg, Joseph M.},
  Note                     = {From 2004 lectures at Harvard University, to appear},
  Year                     = {2005}
}

@Article{LandsbergManivel:2002,
  Title                    = {Construction and classification of complex simple {L}ie algebras via projective geometry},
  Author                   = {Landsberg, Joseph M. and Manivel, Laurent},
  Journal                  = {Selecta Math. (N.S.)},
  Year                     = {2002},
  Number                   = {1},
  Pages                    = {137--159},
  Volume                   = {8},

  Coden                    = {SMATF6},
  Fjournal                 = {Selecta Mathematica. New Series},
  ISSN                     = {1022-1824},
  Mrclass                  = {17B20},
  Mrnumber                 = {2002m:17006},
  Mrreviewer               = {Dmitri I. Panyushev}
}

@Book{Lascoux/Berger:1970,
  Title                    = {Vari\'et\'es {K}\"ahleriennes compactes},
  Author                   = {Lascoux, Alain and Berger, Marcel},
  Publisher                = {Springer-Verlag},
  Year                     = {1970},

  Address                  = {Berlin},
  Series                   = {Lecture Notes in Mathematics, Vol. 154},

  Mrclass                  = {53.80 (14.00)},
  Mrnumber                 = {MR0278248 (43 \#3979)},
  Mrreviewer               = {T. Ochiai},
  Pages                    = {vii+83}
}

@Book{LawsonMichelsohn:1989,
  Title                    = {Spin geometry},
  Author                   = {Lawson, Jr., H. Blaine and Michelsohn, Marie-Louise},
  Publisher                = {Princeton University Press},
  Year                     = {1989},

  Address                  = {Princeton, NJ},

  ISBN                     = {0-691-08542-0},
  Mrclass                  = {53-02 (53A50 53C20 57R75 58G10)},
  Mrnumber                 = {91g:53001},
  Mrrevr                   = {N. J. Hitchin},
  Pages                    = {xii+427}
}

@Book{Lazarsfeld:2004,
  Title                    = {Positivity in algebraic geometry. {I}},
  Author                   = {Lazarsfeld, Robert},
  Publisher                = {Springer-Verlag, Berlin},
  Year                     = {2004},
  Note                     = {Classical setting: line bundles and linear series},
  Series                   = {Ergebnisse der Mathematik und ihrer Grenzgebiete. 3. Folge. A Series of Modern Surveys in Mathematics [Results in Mathematics and Related Areas. 3rd Series. A Series of Modern Surveys in Mathematics]},
  Volume                   = {48},

  Doi                      = {10.1007/978-3-642-18808-4},
  ISBN                     = {3-540-22533-1},
  Mrclass                  = {14-02 (14C20)},
  Mrnumber                 = {2095471},
  Mrreviewer               = {Mihnea Popa},
  Owner                    = {user},
  Pages                    = {xviii+387},
  Timestamp                = {2016.10.29},
  Url                      = {http://0-dx.doi.org.library.ucc.ie/10.1007/978-3-642-18808-4}
}

@Article{LeBrun:1995,
  Title                    = {Fano manifolds, contact structures, and quaternionic geometry},
  Author                   = {LeBrun, Claude},
  Journal                  = {Internat. J. Math.},
  Year                     = {1995},
  Number                   = {3},
  Pages                    = {419--437},
  Volume                   = {6},

  Fjournal                 = {International Journal of Mathematics},
  ISSN                     = {0129-167X},
  Mrclass                  = {53C56 (14J45 32J27 32L25 53C15 53C25)},
  Mrnumber                 = {MR1327157 (96c:53108)},
  Mrreviewer               = {Nicholas Buchdahl}
}

@Article{LeBrunMason:2002,
  Title                    = {Zoll manifolds and complex surfaces},
  Author                   = {LeBrun, Claude and Mason, Lionel J.},
  Journal                  = {J. Differential Geom.},
  Year                     = {2002},
  Number                   = {3},
  Pages                    = {453--535},
  Volume                   = {61},

  Coden                    = {JDGEAS},
  Fjournal                 = {Journal of Differential Geometry},
  ISSN                     = {0022-040X},
  Mrclass                  = {53C22 (32J15 53C28)},
  Mrnumber                 = {2004d:53043},
  Mrreviewer               = {Massimiliano Pontecorvo}
}

@Unpublished{Leites:2002,
  Title                    = {The {R}iemann tensor for nonholonomic manifolds},
  Author                   = {Leites, Dimitry},
  Note                     = {math.RT/0202313 v1},

  Month                    = {February},
  Year                     = {2002}
}

@Article{Li/Tian:1997,
  Title                    = {The quantum cohomology of homogeneous varieties},
  Author                   = {Li, Jun and Tian, Gang},
  Journal                  = {J. Algebraic Geom.},
  Year                     = {1997},
  Number                   = {2},
  Pages                    = {269--305},
  Volume                   = {6},

  Fjournal                 = {Journal of Algebraic Geometry},
  ISSN                     = {1056-3911},
  Mrclass                  = {14N10 (14M17)},
  Mrnumber                 = {MR1489116 (99b:14060)},
  Mrreviewer               = {Andreas Gathmann}
}

@InCollection{Lieberman:1978,
  Title                    = {Compactness of the {C}how scheme: applications to automorphisms and deformations of {K}\"ahler manifolds},
  Author                   = {Lieberman, David I.},
  Booktitle                = {Fonctions de plusieurs variables complexes, {III} ({S}\'em. {F}ran\c cois {N}orguet, 1975--1977)},
  Publisher                = {Springer, Berlin},
  Year                     = {1978},
  Pages                    = {140--186},
  Series                   = {Lecture Notes in Math.},
  Volume                   = {670},

  Mrclass                  = {32M05 (32C10 32G05)},
  Mrnumber                 = {521918},
  Mrreviewer               = {C. A. M. Peters},
  Owner                    = {user},
  Timestamp                = {2016.08.04}
}

@Article{Loray/MarinPerez:2009,
  Title                    = {Projective structures and projective bundles over compact {R}iemann surfaces},
  Author                   = {Loray, Frank and Mar{\'{\i}}n P{\'e}rez, David},
  Journal                  = {Ast\'erisque},
  Year                     = {2009},
  Number                   = {323},
  Pages                    = {223--252},

  Fjournal                 = {Ast\'erisque},
  ISBN                     = {978-2-85629-263-1},
  ISSN                     = {0303-1179},
  Mrclass                  = {57M50 (34M35 37F75 53C10)},
  Mrnumber                 = {2647972},
  Mrreviewer               = {Daniel J. F. Fox},
  Owner                    = {ben},
  Timestamp                = {2011.03.30}
}

@Article{Loray/Pereira/Touzet:2011,
  Title                    = {Singular foliations with trivial canonical class},
  Author                   = {Loray, F. and Pereira, J. V. and Touzet, F.},
  Journal                  = {ArXiv e-prints},
  Year                     = {2011},

  Month                    = {July},
  Pages                    = {1--39},

  Owner                    = {user},
  Timestamp                = {2016.08.31},
  Url                      = {http://adsabs.harvard.edu/abs/2011arXiv1107.1538L}
}

@Unpublished{Lott:2001,
  Title                    = {The geometry of supergravity torsion constraints},
  Author                   = {Lott, John},
  Note                     = {unpublished},
  Year                     = {2001}
}

@Article{Moeller/Viehweg/Zuo:2012,
  Title                    = {Stability of {H}odge bundles and a numerical characterization
 of {S}himura varieties},
  Author                   = {M\"oller, Martin and Viehweg, Eckart and Zuo, Kang},
  Journal                  = {J. Differential Geom.},
  Year                     = {2012},
  Number                   = {1},
  Pages                    = {71--151},
  Volume                   = {92},

  Fjournal                 = {Journal of Differential Geometry},
  ISSN                     = {0022-040X},
  Mrclass                  = {14G35 (14C30 14D05 14D07 14J60 14K10)},
  Mrnumber                 = {3003876},
  Mrreviewer               = {Andr\'e Oliveira},
  Owner                    = {user},
  Timestamp                = {2018.06.25},
  Url                      = {http://projecteuclid.org/euclid.jdg/1352211224}
}

@Article{Machida/Sato:2000,
  Title                    = {Twistor theory of manifolds with {G}rassmannian structures},
  Author                   = {Machida, Yoshinori and Sato, Hajime},
  Journal                  = {Nagoya Math. J.},
  Year                     = {2000},
  Pages                    = {17--102},
  Volume                   = {160},

  Coden                    = {NGMJA2},
  Fjournal                 = {Nagoya Mathematical Journal},
  ISSN                     = {0027-7630},
  Mrclass                  = {53C28 (53C10)},
  Mrnumber                 = {MR1804138 (2001m:53084)},
  Mrreviewer               = {J. T. Davidov}
}

@InCollection{Malgrange:1969,
  Title                    = {Sur l'int\'egrabilit\'e des structures presque-complexes},
  Author                   = {Malgrange, Bernard},
  Booktitle                = {Symposia Mathematica, Vol. II (INDAM, Rome, 1968)},
  Publisher                = {Academic Press},
  Year                     = {1969},

  Address                  = {London},
  Pages                    = {289--296},

  Mrclass                  = {57.60 (32.00)},
  Mrnumber                 = {40 \#6598},
  Mrreviewer               = {A. Newlander, Jr.}
}

@Article{Mall:1998,
  Title                    = {On holomorphic and transversely holomorphic foliations on {H}opf surfaces},
  Author                   = {Mall, Daniel},
  Journal                  = {J. Reine Angew. Math.},
  Year                     = {1998},
  Pages                    = {41--69},
  Volume                   = {501},

  Coden                    = {JRMAA8},
  Fjournal                 = {Journal f\"ur die Reine und Angewandte Mathematik},
  ISSN                     = {0075-4102},
  Mrclass                  = {32G07 (32J15 37F75)},
  Mrnumber                 = {MR1637833 (2000a:32025)},
  Mrreviewer               = {M. G. Soares}
}

@Article{Mall:1991,
  Title                    = {The cohomology of line bundles on {H}opf manifolds},
  Author                   = {Mall, Daniel},
  Journal                  = {Osaka J. Math.},
  Year                     = {1991},
  Number                   = {4},
  Pages                    = {999--1015},
  Volume                   = {28},

  Coden                    = {OJMAA7},
  Fjournal                 = {Osaka Journal of Mathematics},
  ISSN                     = {0030-6126},
  Mrclass                  = {32L10 (32J15 32J17 32J18)},
  Mrnumber                 = {1152964 (93d:32045)},
  Mrreviewer               = {Andrei Baran},
  Owner                    = {ben},
  Timestamp                = {2012.04.02},
  Url                      = {http://projecteuclid.org/getRecord?id=euclid.ojm/1200783431}
}

@Book{Massey:1967,
  Title                    = {Algebraic topology: {A}n introduction},
  Author                   = {Massey, William S.},
  Publisher                = {Harcourt, Brace \& World, Inc., New York},
  Year                     = {1967},

  Mrclass                  = {55.00 (54.00)},
  Mrnumber                 = {35 \#2271},
  Mrreviewer               = {S.-T. Hu},
  Pages                    = {xix+261}
}

@Article{Matsushima/Morimoto:1960,
  Title                    = {Sur certains espaces fibr\'es holomorphes sur une vari\'et\'e de {S}tein},
  Author                   = {Matsushima, Yoz{\^o} and Morimoto, Akihiko},
  Journal                  = {Bull. Soc. Math. France},
  Year                     = {1960},
  Pages                    = {137--155},
  Volume                   = {88},

  Fjournal                 = {Bulletin de la Soci\'et\'e Math\'ematique de France},
  ISSN                     = {0037-9484},
  Mrclass                  = {32.49 (32.60)},
  Mrnumber                 = {MR0123739 (23 \#A1061)},
  Mrreviewer               = {H. Grauert}
}

@Book{McCleary:2001,
  Title                    = {A user's guide to spectral sequences},
  Author                   = {McCleary, John},
  Publisher                = {Cambridge University Press, Cambridge},
  Year                     = {2001},
  Edition                  = {Second},
  Series                   = {Cambridge Studies in Advanced Mathematics},
  Volume                   = {58},

  ISBN                     = {0-521-56759-9},
  Mrclass                  = {55Txx (18G40)},
  Mrnumber                 = {1793722},
  Mrreviewer               = {Frank Neumann},
  Owner                    = {user},
  Pages                    = {xvi+561},
  Timestamp                = {2017.05.17}
}

@Article{McKay:2016,
  Title                    = {Holomorphic geometric structures on {K}\"ahler-{E}instein
 manifolds},
  Author                   = {McKay, Benjamin},
  Journal                  = {Manuscripta Math.},
  Year                     = {2017},
  Number                   = {1-2},
  Pages                    = {1--34},
  Volume                   = {153},

  Doi                      = {10.1007/s00229-016-0873-8},
  Fjournal                 = {Manuscripta Mathematica},
  ISSN                     = {0025-2611},
  Mrclass                  = {53C55 (53C25)},
  Mrnumber                 = {3635971},
  Mrreviewer               = {Dmitri\u\i Vladimir Alekseevsky},
  Url                      = {https://doi.org/10.1007/s00229-016-0873-8}
}

@Article{McKay2013,
  author         = {McKay, Benjamin},
  journal        = {Monatsh. Math.},
  title          = {The {H}artogs extension problem for holomorphic parabolic and reductive geometries},
  year           = {2016},
  issn           = {0026-9255},
  number         = {3},
  pages          = {689--713},
  volume         = {181},
  doi            = {10.1007/s00605-016-0955-4},
  eprint         = {1302.5796},
  fjournal       = {Monatshefte f\"ur Mathematik},
  groups         = {[ben:]},
  mrclass        = {53C55 (32D15 53A55 53C56)},
  mrnumber       = {3552807},
  oai2identifier = {1302.5796},
  owner          = {ben},
  timestamp      = {2014.09.10},
  url            = {http://0-dx.doi.org.library.ucc.ie/10.1007/s00605-016-0955-4},
}

@Article{McKay:2015,
  Title                    = {Complex homogeneous surfaces},
  Author                   = {McKay, Benjamin},
  Journal                  = {J. Lie Theory},
  Year                     = {2015},
  Number                   = {2},
  Pages                    = {579--612},
  Volume                   = {25},

  Fjournal                 = {Journal of Lie Theory},
  ISSN                     = {0949-5932},
  Mrclass                  = {32M10},
  Mrnumber                 = {3346074},
  Mrreviewer               = {Jean-Jacques Loeb},
  Owner                    = {user},
  Timestamp                = {2016.08.12}
}

@Article{McKay:2012,
  Title                    = {Rigid geometry on projective varieties},
  Author                   = {McKay, Benjamin},
  Journal                  = {Math. Z.},
  Year                     = {2012},
  Number                   = {3-4},
  Pages                    = {761--791},
  Volume                   = {272},

  Coden                    = {MAZEAX},
  Doi                      = {10.1007/s00209-011-0957-9},
  Fjournal                 = {Mathematische Zeitschrift},
  ISSN                     = {0025-5874},
  Mrclass                  = {53Cxx (32M05)},
  Mrnumber                 = {2995139},
  Owner                    = {ben},
  Timestamp                = {2014.09.13},
  Url                      = {http://0-dx.doi.org.library.ucc.ie/10.1007/s00209-011-0957-9}
}

@Article{McKay:2008,
  Title                    = {Holomorphic parabolic geometries and {C}alabi-{Y}au manifolds},
  Author                   = {McKay, Benjamin},
  Journal                  = {SIGMA Symmetry Integrability Geom. Methods Appl.},
  Year                     = {2011},
  Pages                    = {Paper 090, 11},
  Volume                   = {7},

  Doi                      = {10.3842/SIGMA.2011.090},
  Fjournal                 = {SIGMA. Symmetry, Integrability and Geometry. Methods and Applications},
  ISSN                     = {1815-0659},
  Mrclass                  = {53Cxx (14J32)},
  Mrnumber                 = {2861186},
  Url                      = {http://dx.doi.org/10.3842/SIGMA.2011.090}
}

@Article{McKay:2011,
  Title                    = {Characteristic forms of complex {C}artan geometries},
  Author                   = {McKay, Benjamin},
  Journal                  = {Adv. Geom.},
  Year                     = {2011},
  Number                   = {1},
  Pages                    = {139--168},
  Volume                   = {11},

  Coden                    = {AGDEA3},
  Doi                      = {10.1515/ADVGEOM.2010.044},
  Fjournal                 = {Advances in Geometry},
  ISSN                     = {1615-715X},
  Mrclass                  = {53C30 (53C10)},
  Mrnumber                 = {2770434},
  Mrreviewer               = {Jesse Alt},
  Url                      = {http://0-dx.doi.org.library.ucc.ie/10.1515/ADVGEOM.2010.044}
}

@Article{McKay2011b,
  Title                    = {Holomorphic {C}artan geometries on uniruled surfaces},
  Author                   = {McKay, Benjamin},
  Journal                  = {C. R. Math. Acad. Sci. Paris},
  Year                     = {2011},
  Number                   = {15-16},
  Pages                    = {893--896},
  Volume                   = {349},

  Doi                      = {10.1016/j.crma.2011.07.021},
  Fjournal                 = {Comptes Rendus Math\'ematique. Acad\'emie des Sciences. Paris},
  ISSN                     = {1631-073X},
  Mrclass                  = {53C21 (32G10 32J15 32M10)},
  Mrnumber                 = {2835898},
  Mrreviewer               = {Jesse Alt},
  Owner                    = {ben},
  Timestamp                = {2013.07.04},
  Url                      = {http://dx.doi.org/10.1016/j.crma.2011.07.021}
}

@Article{McKay:2009,
  Title                    = {Extension phenomena for holomorphic geometric structures},
  Author                   = {McKay, Benjamin},
  Journal                  = {SIGMA Symmetry Integrability Geom. Methods Appl.},
  Year                     = {2009},
  Pages                    = {Paper 058, 45},
  Volume                   = {5},

  Fjournal                 = {SIGMA. Symmetry, Integrability and Geometry. Methods and Applications},
  ISSN                     = {1815-0659},
  Mrclass                  = {53C10 (32Dxx)},
  Mrnumber                 = {MR2529189},
  Url                      = {arXiv:0812.2353}
}

@Unpublished{McKay:2007,
  Title                    = {Complete {C}artan connections},
  Author                   = {McKay, Benjamin},
  Note                     = {arxiv:0802.1473},

  Month                    = {February},
  Year                     = {2008}
}

@Article{McKay:2004a,
  Title                    = {Sussmann's orbit theorem and maps},
  Author                   = {McKay, Benjamin},
  Journal                  = {Differential Geom. Appl.},
  Year                     = {2007},
  Number                   = {3},
  Pages                    = {277--280},
  Volume                   = {25},

  Doi                      = {10.1016/j.difgeo.2006.11.005},
  Fjournal                 = {Differential Geometry and its Applications},
  ISSN                     = {0926-2245},
  Mrclass                  = {58A30 (93B29)},
  Mrnumber                 = {2330456},
  Mrreviewer               = {Robert A. Wolak},
  Url                      = {https://doi.org/10.1016/j.difgeo.2006.11.005}
}

@Article{McKay:2007b,
  Title                    = {Sussmann's orbit theorem and maps},
  Author                   = {McKay, Benjamin},
  Journal                  = {Differential Geom. Appl.},
  Year                     = {2007},
  Number                   = {3},
  Pages                    = {277--280},
  Volume                   = {25},

  Coden                    = {DGAPEO},
  Fjournal                 = {Differential Geometry and its Applications},
  ISSN                     = {0926-2245},
  Mrclass                  = {58A30 (93B29)},
  Mrnumber                 = {MR2330456 (2008f:58003)},
  Mrreviewer               = {Robert A. Wolak}
}

@Article{McKay:2004,
  Title                    = {Complete complex parabolic geometries},
  Author                   = {McKay, Benjamin},
  Journal                  = {Int. Math. Res. Not.},
  Year                     = {2006},
  Pages                    = {Art. ID 86937, 34},

  Doi                      = {10.1155/IMRN/2006/86937},
  Fjournal                 = {International Mathematics Research Notices},
  ISSN                     = {1073-7928},
  Mrclass                  = {53C56 (53C10)},
  Mrnumber                 = {2264710 (2007m:53098)},
  Mrreviewer               = {Andreas Cap},
  Url                      = {http://dx.doi.org/10.1155/IMRN/2006/86937}
}

@Article{McKay/Pokrovski:2008,
  Title                    = {Locally homogeneous structures on {H}opf surfaces},
  Author                   = {McKay, Benjamin and Pokrovskiy, Alexey},
  Journal                  = {Indiana Univ. Math. J.},
  Year                     = {2010},
  Number                   = {4},
  Pages                    = {1491--1539},
  Volume                   = {59},

  Doi                      = {10.1512/iumj.2010.59.4178},
  Fjournal                 = {Indiana University Mathematics Journal},
  ISSN                     = {0022-2518},
  Mrclass                  = {32J15 (32M10)},
  Mrnumber                 = {2815040},
  Mrreviewer               = {Marlio Paredes},
  Url                      = {http://0-dx.doi.org.library.ucc.ie/10.1512/iumj.2010.59.4178}
}

@Article{McLean:1998,
  Title                    = {Deformations of calibrated submanifolds},
  Author                   = {McLean, Robert C.},
  Journal                  = {Comm. Anal. Geom.},
  Year                     = {1998},
  Number                   = {4},
  Pages                    = {705--747},
  Volume                   = {6},

  Fjournal                 = {Communications in Analysis and Geometry},
  ISSN                     = {1019-8385},
  Mrclass                  = {53C42 (32G10 32J18 53C25 58D27)},
  Mrnumber                 = {MR1664890 (99j:53083)},
  Mrreviewer               = {N. J. Hitchin}
}

@Article{Melnick:2011,
  Title                    = {A {F}robenius theorem for {C}artan geometries, with applications},
  Author                   = {Melnick, Karin},
  Journal                  = {Enseign. Math. (2)},
  Year                     = {2011},
  Number                   = {1-2},
  Pages                    = {57--89},
  Volume                   = {57},

  Coden                    = {ENMAAR},
  Doi                      = {10.4171/LEM/57-1-3},
  Fjournal                 = {L'Enseignement Math\'ematique. Revue Internationale. 2e S\'erie},
  ISSN                     = {0013-8584},
  Mrclass                  = {53C30 (53C05 57S15 57S20)},
  Mrnumber                 = {2850584},
  Mrreviewer               = {Andreas Cap},
  Owner                    = {user},
  Timestamp                = {2016.08.04},
  Url                      = {http://dx.doi.org/10.4171/LEM/57-1-3}
}

@Article{Merker/Porten:2007,
  Title                    = {A {M}orse-theoretical proof of the {H}artogs extension theorem},
  Author                   = {Merker, Jo{\"e}l and Porten, Egmont},
  Journal                  = {J. Geom. Anal.},
  Year                     = {2007},
  Number                   = {3},
  Pages                    = {513--546},
  Volume                   = {17},

  Fjournal                 = {The Journal of Geometric Analysis},
  ISSN                     = {1050-6926},
  Mrclass                  = {32D15},
  Mrnumber                 = {MR2359978 (2008k:32024)},
  Mrreviewer               = {Rasul Shafikov}
}

@Article{Merkulov:1994,
  Title                    = {Moduli of compact {L}egendre submanifolds of complex contact manifolds},
  Author                   = {Merkulov, Sergey A.},
  Journal                  = {Math. Res. Lett.},
  Year                     = {1994},
  Number                   = {6},
  Pages                    = {717--727},
  Volume                   = {1},

  Fjournal                 = {Mathematical Research Letters},
  ISSN                     = {1073-2780},
  Mrclass                  = {32G10 (32L25)},
  Mrnumber                 = {MR1306016 (95j:32032)},
  Mrreviewer               = {Andrew McHugh}
}

@Book{Milne:2017,
  Title                    = {Algebraic groups},
  Author                   = {Milne, J. S.},
  Publisher                = {Cambridge University Press, Cambridge},
  Year                     = {2017},
  Note                     = {The theory of group schemes of finite type over a field},
  Series                   = {Cambridge Studies in Advanced Mathematics},
  Volume                   = {170},

  Doi                      = {10.1017/9781316711736},
  ISBN                     = {978-1-107-16748-3},
  Mrclass                  = {14L15 (17B45 20-01 20Dxx 20G40)},
  Mrnumber                 = {3729270},
  Owner                    = {user},
  Pages                    = {xvi+644},
  Timestamp                = {2018.06.27},
  Url                      = {https://doi.org/10.1017/9781316711736}
}

@Book{Milnor:1963,
  Title                    = {Morse theory},
  Author                   = {Milnor, John W.},
  Publisher                = {Princeton University Press},
  Year                     = {1963},

  Address                  = {Princeton, N.J.},
  Series                   = {Based on lecture notes by M. Spivak and R. Wells. Annals of Mathematics Studies, No. 51},

  Mrclass                  = {57.50 (53.72)},
  Mrnumber                 = {29 \#634},
  Mrreviewer               = {H. I. Levine},
  Pages                    = {vi+153}
}

@Book{MilnorStasheff:1974,
  Title                    = {Characteristic classes},
  Author                   = {Milnor, John W. and Stasheff, James D.},
  Publisher                = {Princeton University Press},
  Year                     = {1974},

  Address                  = {Princeton, N. J.},
  Note                     = {Annals of Mathematics Studies, No. 76},

  Mrclass                  = {57-01 (55-02 55F40 57D20)},
  Mrnumber                 = {55 \#13428},
  Mrreviewer               = {F. Hirzebruch},
  Pages                    = {vii+331}
}

@Book{Miyaoka/Peternell:1997,
  Title                    = {Geometry of higher-dimensional algebraic varieties},
  Author                   = {Miyaoka, Yoichi and Peternell, Thomas},
  Publisher                = {Birkh\"auser Verlag},
  Year                     = {1997},

  Address                  = {Basel},
  Series                   = {DMV Seminar},
  Volume                   = {26},

  ISBN                     = {3-7643-5490-9},
  Mrclass                  = {14-02 (14Hxx 14Jxx)},
  Mrnumber                 = {MR1468476 (98g:14001)},
  Mrreviewer               = {Mark Gross},
  Pages                    = {vi+217}
}

@Article{Mok:2002,
  Title                    = {On {F}ano manifolds with nef tangent bundles admitting 1-dimensional varieties of minimal rational tangents},
  Author                   = {Mok, Ngaiming},
  Journal                  = {Trans. Amer. Math. Soc.},
  Year                     = {2002},
  Number                   = {7},
  Pages                    = {2639--2658 (electronic)},
  Volume                   = {354},

  Coden                    = {TAMTAM},
  Fjournal                 = {Transactions of the American Mathematical Society},
  ISSN                     = {0002-9947},
  Mrclass                  = {32J27 (14J60 53C07)},
  Mrnumber                 = {MR1895197 (2003i:32036)},
  Mrreviewer               = {I-Hsun Tsai}
}

@Book{Mok:1989,
  Title                    = {Metric rigidity theorems on {H}ermitian locally symmetric manifolds},
  Author                   = {Mok, Ngaiming},
  Publisher                = {World Scientific Publishing Co. Inc.},
  Year                     = {1989},

  Address                  = {Teaneck, NJ},
  Series                   = {Series in Pure Mathematics},
  Volume                   = {6},

  ISBN                     = {9971-50-800-1; 9971-50-802-8},
  Mrclass                  = {32M15 (32C17 32H20 32L07 53C35)},
  Mrnumber                 = {1081948 (92d:32046)},
  Mrreviewer               = {B. Gilligan},
  Owner                    = {ben},
  Pages                    = {xiv+278},
  Timestamp                = {2013.02.22}
}

@Article{Molzon/Mortensen:1996,
  Title                    = {The {S}chwarzian derivative for maps between manifolds with complex projective connections},
  Author                   = {Molzon, Robert and Mortensen, Karen Pinney},
  Journal                  = {Trans. Amer. Math. Soc.},
  Year                     = {1996},
  Number                   = {8},
  Pages                    = {3015--3036},
  Volume                   = {348},

  Coden                    = {TAMTAM},
  Fjournal                 = {Transactions of the American Mathematical Society},
  ISSN                     = {0002-9947},
  Mrclass                  = {32H02 (53B10 53C56)},
  Mrnumber                 = {MR1348154 (96j:32028)},
  Mrreviewer               = {Wing-Keung To}
}

@Article{Mori:1982,
  Title                    = {Threefolds whose canonical bundles are not numerically effective},
  Author                   = {Mori, Shigefumi},
  Journal                  = {Ann. of Math. (2)},
  Year                     = {1982},
  Number                   = {1},
  Pages                    = {133--176},
  Volume                   = {116},

  Coden                    = {ANMAAH},
  Doi                      = {10.2307/2007050},
  Fjournal                 = {Annals of Mathematics. Second Series},
  ISSN                     = {0003-486X},
  Mrclass                  = {14J30 (14E35)},
  Mrnumber                 = {662120},
  Mrreviewer               = {Ulf Persson},
  Owner                    = {user},
  Timestamp                = {2016.06.29},
  Url                      = {http://0-dx.doi.org.library.ucc.ie/10.2307/2007050}
}

@Article{Mori:1979,
  Title                    = {Projective manifolds with ample tangent bundles},
  Author                   = {Mori, Shigefumi},
  Journal                  = {Ann. of Math. (2)},
  Year                     = {1979},
  Number                   = {3},
  Pages                    = {593--606},
  Volume                   = {110},

  Coden                    = {ANMAAH},
  Fjournal                 = {Annals of Mathematics. Second Series},
  ISSN                     = {0003-486X},
  Mrclass                  = {14E05 (14M20)},
  Mrnumber                 = {MR554387 (81j:14010)},
  Mrreviewer               = {Luciana Picco Botta}
}

@Article{Mostow:1950,
  Title                    = {The extensibility of local {L}ie groups of transformations and groups on surfaces},
  Author                   = {Mostow, George Daniel},
  Journal                  = {Ann. of Math. (2)},
  Year                     = {1950},
  Pages                    = {606--636},
  Volume                   = {52},

  Fjournal                 = {Annals of Mathematics. Second Series},
  ISSN                     = {0003-486X},
  Mrclass                  = {20.0X},
  Mrnumber                 = {MR0048464 (14,18d)},
  Mrreviewer               = {D. Montgomery}
}

@Book{Mumford/Fogarty/Kirwan:1994,
  Title                    = {Geometric invariant theory},
  Author                   = {Mumford, David and Fogarty, John and Kirwan, Frances},
  Publisher                = {Springer-Verlag},
  Year                     = {1994},

  Address                  = {Berlin},
  Edition                  = {Third},
  Series                   = {Ergebnisse der Mathematik und ihrer Grenzgebiete (2) [Results in Mathematics and Related Areas (2)]},
  Volume                   = {34},

  ISBN                     = {3-540-56963-4},
  Mrclass                  = {14D25 (58E05 58F05)},
  Mrnumber                 = {MR1304906 (95m:14012)},
  Mrreviewer               = {Yi Hu},
  Pages                    = {xiv+292}
}

@InCollection{Nakai:2001,
  Title                    = {Web geometry and the equivalence problem of the first order partial differential equations},
  Author                   = {Nakai, Isao},
  Booktitle                = {Web theory and related topics (Toulouse, 1996)},
  Publisher                = {World Sci. Publishing},
  Year                     = {2001},

  Address                  = {River Edge, NJ},
  Pages                    = {150--204},

  Mrclass                  = {53A60 (35F20)},
  Mrnumber                 = {2002k:53019},
  Mrreviewer               = {Vladislav Goldberg}
}

@Article{Namba:1974,
  Title                    = {Automorphism groups of {H}opf surfaces},
  Author                   = {Namba, Makoto},
  Journal                  = {T\^ohoku Math. J. (2)},
  Year                     = {1974},
  Pages                    = {133--157},
  Volume                   = {26},

  Fjournal                 = {The Tohoku Mathematical Journal. Second Series},
  ISSN                     = {0040-8735},
  Mrclass                  = {32J15 (32G13 32M10)},
  Mrnumber                 = {MR0338458 (49 \#3222)},
  Mrreviewer               = {Tatsuo Suwa}
}

@Article{Neisendorfer/Taylor:1978,
  Title                    = {Dolbeault homotopy theory},
  Author                   = {Neisendorfer, Joseph and Taylor, Laurence},
  Journal                  = {Trans. Amer. Math. Soc.},
  Year                     = {1978},
  Pages                    = {183--210},
  Volume                   = {245},

  Doi                      = {10.2307/1998862},
  Fjournal                 = {Transactions of the American Mathematical Society},
  ISSN                     = {0002-9947},
  Mrclass                  = {32C10 (14F40 55P62 57R99 58A14)},
  Mrnumber                 = {511405},
  Mrreviewer               = {J. F. Adams},
  Owner                    = {user},
  Timestamp                = {2017.05.17},
  Url                      = {http://0-dx.doi.org.library.ucc.ie/10.2307/1998862}
}

@Article{NeutPetitot:2002,
  Title                    = {La g\'eom\'etrie de l'\'equation {$y'''=f(x,y,y',y'')$}},
  Author                   = {Neut, Sylvain and Petitot, Michel},
  Journal                  = {C. R. Math. Acad. Sci. Paris},
  Year                     = {2002},
  Number                   = {6},
  Pages                    = {515--518},
  Volume                   = {335},

  Fjournal                 = {Comptes Rendus Math\'ematique. Acad\'emie des Sciences. Paris},
  ISSN                     = {1631-073X},
  Mrclass                  = {34C20 (34A25 34A26 34C14)},
  Mrnumber                 = {MR1936822 (2003h:34080)},
  Mrreviewer               = {Paola Morando}
}

@Book{Nirenberg:1973,
  Title                    = {Lectures on linear partial differential equations},
  Author                   = {Nirenberg, Louis},
  Publisher                = {American Mathematical Society},
  Year                     = {1973},

  Address                  = {Providence, R.I.},
  Note                     = {Expository Lectures from the CBMS Regional Conference held at the Texas Technological University, Lubbock, Tex., May 22--26, 1972, Conference Board of the Mathematical Sciences Regional Conference Series in Mathematics, No. 17},

  Mrclass                  = {35-02},
  Mrnumber                 = {56 \#9048},
  Mrreviewer               = {Ju. V. Egorov},
  Pages                    = {v+58}
}

@Article{Nurowski:2005,
  Title                    = {Differential equations and conformal structures},
  Author                   = {Nurowski, Pawe{\l}},
  Journal                  = {J. Geom. Phys.},
  Year                     = {2005},
  Number                   = {1},
  Pages                    = {19--49},
  Volume                   = {55},

  Coden                    = {JGPHE5},
  Fjournal                 = {Journal of Geometry and Physics},
  ISSN                     = {0393-0440},
  Mrclass                  = {53A30 (34A26)},
  Mrnumber                 = {MR2157414}
}

@Article{Ochiai:1970,
  Title                    = {Geometry associated with semisimple flat homogeneous spaces},
  Author                   = {Ochiai, Takushiro},
  Journal                  = {Trans. Amer. Math. Soc.},
  Year                     = {1970},
  Pages                    = {159--193},
  Volume                   = {152},

  Fjournal                 = {Transactions of the American Mathematical Society},
  ISSN                     = {0002-9947},
  Mrclass                  = {53.52},
  Mrnumber                 = {MR0284936 (44 \#2160)},
  Mrreviewer               = {Shoshichi Kobayashi}
}

@Book{Okonek/Schneider/Spindler:1980,
  Title                    = {Vector bundles on complex projective spaces},
  Author                   = {Okonek, Christian and Schneider, Michael and Spindler, Heinz},
  Publisher                = {Birkh\"auser Boston},
  Year                     = {1980},

  Address                  = {Mass.},
  Series                   = {Progress in Mathematics},
  Volume                   = {3},

  ISBN                     = {3-7643-3000-7},
  Mrclass                  = {14-02 (14D20 14F05 32G13 81C30)},
  Mrnumber                 = {MR561910 (81b:14001)},
  Mrreviewer               = {Werner Kleinert},
  Pages                    = {vii+389}
}

@Book{Olver:1995,
  Title                    = {Equivalence, invariants, and symmetry},
  Author                   = {Olver, Peter J.},
  Publisher                = {Cambridge University Press},
  Year                     = {1995},

  Address                  = {Cambridge},

  ISBN                     = {0-521-47811-1},
  Mrclass                  = {58A15 (22E15 35A30 58-02 58A17 58A20 58E40 58F36)},
  Mrnumber                 = {96i:58005},
  Mrreviewer               = {Jaime Mu\~{n}oz Masqu{\'e}},
  Pages                    = {xvi+525}
}

@Book{Olver:1993,
  Title                    = {Applications of {L}ie groups to differential equations},
  Author                   = {Olver, Peter J.},
  Publisher                = {Springer-Verlag},
  Year                     = {1993},

  Address                  = {New York},
  Edition                  = {Second},
  Series                   = {Graduate Texts in Mathematics},
  Volume                   = {107},

  ISBN                     = {0-387-94007-3; 0-387-95000-1},
  Mrclass                  = {58G35 (22E60 35A30 58F05 58F07)},
  Mrnumber                 = {94g:58260},
  Pages                    = {xxviii+513}
}

@Article{Onishchik:1962,
  Title                    = {Inclusion relations between transitive compact transformation groups},
  Author                   = {Onishchik, A. L.},
  Journal                  = {Trudy Moskov. Mat. Ob\v s\v c.},
  Year                     = {1962},
  Pages                    = {199--242},
  Volume                   = {11},

  Fjournal                 = {Trudy Moskovskogo Matemati\v ceskogo Ob\v s\v cestva},
  ISSN                     = {0134-8663},
  Mrclass                  = {22.40 (22.70)},
  Mrnumber                 = {MR0153779 (27 \#3740)},
  Mrreviewer               = {W. T. van Est}
}

@Book{OnishchikVinberg:1990,
  Title                    = {Lie groups and algebraic groups},
  Author                   = {Onishchik, A. L. and Vinberg, {\`E}. B.},
  Publisher                = {Springer-Verlag},
  Year                     = {1990},

  Address                  = {Berlin},
  Note                     = {Translated from the Russian and with a preface by D. A. Leites},
  Series                   = {Springer Series in Soviet Mathematics},

  ISBN                     = {3-540-50614-4},
  Mrclass                  = {22-01 (17B20 20G20 22E10 22E15)},
  Mrnumber                 = {91g:22001},
  Mrreviewer               = {James E. Humphreys},
  Pages                    = {xx+328}
}

@Article{Palais:1957,
  Title                    = {A global formulation of the {L}ie theory of transformation groups},
  Author                   = {Palais, Richard S.},
  Journal                  = {Mem. Amer. Math. Soc. No.},
  Year                     = {1957},
  Pages                    = {iii+123},
  Volume                   = {22},

  Mrclass                  = {22.00},
  Mrnumber                 = {22 \#12162},
  Mrreviewer               = {T. E. Stewart}
}

@Article{Patyi:2000,
  Title                    = {On the {$\overline\partial$}-equation in a {B}anach space},
  Author                   = {Patyi, Imre},
  Journal                  = {Bull. Soc. Math. France},
  Year                     = {2000},
  Number                   = {3},
  Pages                    = {391--406},
  Volume                   = {128},

  Coden                    = {BSMFAA},
  Fjournal                 = {Bulletin de la Soci\'et\'e Math\'ematique de France},
  ISSN                     = {0037-9484},
  Mrclass                  = {58B12 (32L20 32W05 46B20 46G20)},
  Mrnumber                 = {2002e:58010},
  Mrreviewer               = {C. J. Atkin}
}

@Article{Pereira/Touzet:2012,
  Title                    = {Foliations with vanishing {C}hern classes},
  Author                   = {Pereira, J. V. and Touzet, F.},
  Journal                  = {ArXiv e-prints},
  Year                     = {2012},

  Month                    = {October},
  Note                     = {arXiv1210.5916},
  Pages                    = {1--17},

  Owner                    = {user},
  Timestamp                = {2016.08.31},
  Url                      = {http://adsabs.harvard.edu/abs/2012arXiv1210.5916V}
}

@Article{Presas/Sola.Conde:2014,
  Title                    = {Holomorphic {E}ngel structures},
  Author                   = {Presas, Francisco and Sol\'a Conde , Luis E.},
  Journal                  = {Rev. Mat. Complut.},
  Year                     = {2014},
  Number                   = {1},
  Pages                    = {327--344},
  Volume                   = {27},

  Doi                      = {10.1007/s13163-013-0129-z},
  Fjournal                 = {Revista Matem\'atica Complutense},
  ISSN                     = {1139-1138},
  Mrclass                  = {58A30 (14J99 53C15)},
  Mrnumber                 = {3149190},
  Mrreviewer               = {Primo\AA ${}^3\!/\!_4$ Moravec},
  Owner                    = {user},
  Timestamp                = {2017.07.26},
  Url                      = {http://0-dx.doi.org.library.ucc.ie/10.1007/s13163-013-0129-z}
}

@Book{Procesi:2007,
  Title                    = {Lie groups},
  Author                   = {Procesi, Claudio},
  Publisher                = {Springer},
  Year                     = {2007},

  Address                  = {New York},
  Note                     = {An approach through invariants and representations},
  Series                   = {Universitext},

  ISBN                     = {978-0-387-26040-2; 0-387-26040-4},
  Mrclass                  = {22E10 (05E10 05E15 14L24 14M15 17B10 20G05 22-02)},
  Mrnumber                 = {MR2265844 (2007j:22016)},
  Mrreviewer               = {James E. Humphreys},
  Pages                    = {xxiv+596}
}

@Article{Ramanathan:1983,
  Title                    = {Deformations of principal bundles on the projective line},
  Author                   = {Ramanathan, Annamalai},
  Journal                  = {Invent. Math.},
  Year                     = {1983},
  Number                   = {1},
  Pages                    = {165--191},
  Volume                   = {71},

  Coden                    = {INVMBH},
  Fjournal                 = {Inventiones Mathematicae},
  ISSN                     = {0020-9910},
  Mrclass                  = {14D15 (14F05)},
  Mrnumber                 = {MR688263 (84d:14004)},
  Mrreviewer               = {Klaus Hulek}
}

@Article{Remmert:1957,
  Title                    = {Holomorphe und meromorphe {A}bbildungen komplexer {R}\"aume},
  Author                   = {Remmert, Reinhold},
  Journal                  = {Math. Ann.},
  Year                     = {1957},
  Pages                    = {328--370},
  Volume                   = {133},

  ISSN                     = {0025-5831}
}

@Article{Rosenlicht:1963,
  Title                    = {A remark on quotient spaces},
  Author                   = {Rosenlicht, Maxwell},
  Journal                  = {An. Acad. Brasil. Ci.},
  Year                     = {1963},
  Pages                    = {487--489},
  Volume                   = {35},

  Fjournal                 = {Anais da Academia Brasileira de Ci\^encias},
  ISSN                     = {0001-3765},
  Mrclass                  = {14.50},
  Mrnumber                 = {0171782},
  Mrreviewer               = {R. C. Hartshorne},
  Owner                    = {user},
  Timestamp                = {2016.08.04}
}

@Article{Rossi:1963,
  Title                    = {On envelops of holomorphy},
  Author                   = {Rossi, Hugo},
  Journal                  = {Comm. Pure Appl. Math.},
  Year                     = {1963},
  Pages                    = {9--17},
  Volume                   = {16},

  Fjournal                 = {Communications on Pure and Applied Mathematics},
  ISSN                     = {0010-3640},
  Mrclass                  = {32.27},
  Mrnumber                 = {0148940 (26 \#6436)},
  Mrreviewer               = {L. Bungart},
  Owner                    = {ben},
  Timestamp                = {2012.03.14}
}

@InCollection{Salamon:1999,
  Title                    = {Quaternion-{K}\"ahler geometry},
  Author                   = {Salamon, Simon M.},
  Booktitle                = {Surveys in differential geometry: essays on Einstein manifolds},
  Publisher                = {Int. Press, Boston, MA},
  Year                     = {1999},
  Pages                    = {83--121},
  Series                   = {Surv. Differ. Geom., VI},

  Mrclass                  = {53C26 (53C28)},
  Mrnumber                 = {2001m:53078},
  Mrreviewer               = {Roger Bielawski}
}

@Book{Salzmann/Betten/Grundhofer/Hahl/Lowen/Stroppel:1995,
  Title                    = {Compact projective planes},
  Author                   = {Salzmann, Helmut and Betten, Dieter and Grundh{\"o}fer, Theo and H{\"a}hl, Hermann and L{\"o}wen, Rainer and Stroppel, Markus},
  Publisher                = {Walter de Gruyter \& Co.},
  Year                     = {1995},

  Address                  = {Berlin},
  Note                     = {With an introduction to octonion geometry},
  Series                   = {de Gruyter Expositions in Mathematics},
  Volume                   = {21},

  ISBN                     = {3-11-011480-1},
  Mrclass                  = {51H10 (51-02 51H25)},
  Mrnumber                 = {MR1384300 (97b:51009)},
  Mrreviewer               = {Burkard Polster},
  Pages                    = {xiv+688}
}

@Article{Sato/Yoshikawa:1998,
  Title                    = {Third order ordinary differential equations and {L}egendre connections},
  Author                   = {Sato, Hajime and Yoshikawa, Atsuko Yamada},
  Journal                  = {J. Math. Soc. Japan},
  Year                     = {1998},
  Number                   = {4},
  Pages                    = {993--1013},
  Volume                   = {50},

  Coden                    = {NISUBC},
  Fjournal                 = {Journal of the Mathematical Society of Japan},
  ISSN                     = {0025-5645},
  Mrclass                  = {53B15 (34A26)},
  Mrnumber                 = {MR1643383 (99f:53015)},
  Mrreviewer               = {Mark E. Fels}
}

@Article{Schoen:1995,
  Title                    = {On the conformal and {CR} automorphism groups},
  Author                   = {Schoen, Richard},
  Journal                  = {Geom. Funct. Anal.},
  Year                     = {1995},
  Number                   = {2},
  Pages                    = {464--481},
  Volume                   = {5},

  Coden                    = {GFANFB},
  Fjournal                 = {Geometric and Functional Analysis},
  ISSN                     = {1016-443X},
  Mrclass                  = {53C21 (32F40 53A30 58G30)},
  Mrnumber                 = {96h:53047},
  Mrreviewer               = {John M. Lee}
}

@Book{Serre:2001,
  Title                    = {Complex semisimple {L}ie algebras},
  Author                   = {Serre, Jean-Pierre},
  Publisher                = {Springer-Verlag},
  Year                     = {2001},

  Address                  = {Berlin},
  Note                     = {Translated from the French by G. A. Jones, Reprint of the 1987 edition},
  Series                   = {Springer Monographs in Mathematics},

  ISBN                     = {3-540-67827-1},
  Mrclass                  = {17-01},
  Mrnumber                 = {2001h:17001},
  Pages                    = {x+74}
}

@Article{Serre:1966,
  Title                    = {Prolongement de faisceaux analytiques coh\'erents},
  Author                   = {Serre, Jean-Pierre},
  Journal                  = {Ann. Inst. Fourier (Grenoble)},
  Year                     = {1966},
  Number                   = {fasc. 1},
  Pages                    = {363--374},
  Volume                   = {16},

  Fjournal                 = {Universit\'e de Grenoble. Annales de l'Institut Fourier},
  ISSN                     = {0373-0956},
  Mrclass                  = {32.50 (32.27)},
  Mrnumber                 = {MR0212214 (35 \#3088)},
  Mrreviewer               = {B. Shiffman}
}

@Article{Kazarian/Shapiro:2007,
  Title                    = {A {G}iambelli-type formula for subbundles of the tangent bundle},
  Author                   = {Shapiro, Boris and Kazarian, Maxim},
  Journal                  = {Pacific J. Math.},
  Year                     = {2007},
  Number                   = {1},
  Pages                    = {233--255},
  Volume                   = {230},

  Coden                    = {PJMAAI},
  Fjournal                 = {Pacific Journal of Mathematics},
  ISSN                     = {0030-8730},
  Mrclass                  = {57R22 (57R20)},
  Mrnumber                 = {MR2318454 (2008c:57042)},
  Mrreviewer               = {Serge L. Tabachnikov}
}

@InProceedings{Sharpe:2002,
  Title                    = {An introduction to {C}artan geometries},
  Author                   = {Sharpe, Richard W.},
  Booktitle                = {Proceedings of the 21st Winter School ``Geometry and Physics'' (Srn\'\i, 2001)},
  Year                     = {2002},
  Number                   = {69},
  Pages                    = {61--75},

  Fjournal                 = {Rendiconti del Circolo Matematico di Palermo. Serie II. Supplemento},
  Journal                  = {Rend. Circ. Mat. Palermo (2) Suppl.},
  Mrclass                  = {53C05 (53B15 53C30 58A05)},
  Mrnumber                 = {2004f:53023},
  Mrreviewer               = {Jan Slov{\'a}k}
}

@Book{Sharpe:1997,
  Title                    = {Differential geometry},
  Author                   = {Sharpe, Richard W.},
  Publisher                = {Springer-Verlag},
  Year                     = {1997},

  Address                  = {New York},
  Note                     = {Cartan's generalization of Klein's Erlangen program, With a foreword by S. S. Chern},
  Series                   = {Graduate Texts in Mathematics},
  Volume                   = {166},

  ISBN                     = {0-387-94732-9},
  Mrclass                  = {53Cxx (53-02)},
  Mrnumber                 = {98m:53033},
  Mrreviewer               = {William Goldman},
  Pages                    = {xx+421}
}

@Article{Shevchishin:2002,
  Title                    = {Limit holonomy and extension properties of {S}obolev and {Y}ang-{M}ills bundles},
  Author                   = {Shevchishin, Vsevolod V.},
  Journal                  = {J. Geom. Anal.},
  Year                     = {2002},
  Number                   = {3},
  Pages                    = {493--528},
  Volume                   = {12},

  Fjournal                 = {The Journal of Geometric Analysis},
  ISSN                     = {1050-6926},
  Mrclass                  = {58E15 (53C07)},
  Mrnumber                 = {MR1901752 (2004a:58019)},
  Mrreviewer               = {J{\"u}rgen Eichhorn}
}

@Article{Shevchishin:1996,
  Title                    = {The {T}hullen type extension theorem for holomorphic vector bundles with {$L\sp 2$}-bounds on curvature},
  Author                   = {Shevchishin, Vsevolod V.},
  Journal                  = {Math. Ann.},
  Year                     = {1996},
  Number                   = {3},
  Pages                    = {461--491},
  Volume                   = {305},

  Coden                    = {MAANA},
  Fjournal                 = {Mathematische Annalen},
  ISSN                     = {0025-5831},
  Mrclass                  = {32L10 (32D15 32L05)},
  Mrnumber                 = {MR1397433 (97e:32033)},
  Mrreviewer               = {Kensho Takegoshi}
}

@Article{Shiffman:1971,
  Title                    = {Extension of holomorphic maps into hermitian manifolds},
  Author                   = {Shiffman, Bernard},
  Journal                  = {Math. Ann.},
  Year                     = {1971},
  Pages                    = {249--258},
  Volume                   = {194},

  Fjournal                 = {Mathematische Annalen},
  ISSN                     = {0025-5831},
  Mrclass                  = {32D05},
  Mrnumber                 = {MR0291507 (45 \#598)},
  Mrreviewer               = {J. Kajiwara}
}

@Article{SilvaOrtigoza/GarciaGodinez:2004,
  Title                    = {Families of null surfaces in three-dimensional {M}inkowski spacetime and associated differential equations},
  Author                   = {Silva-Ortigoza, Gilberto and Garc{\'{\i}}a-God{\'{\i}}nez, Patricia},
  Journal                  = {Rev. Mexicana F\'\i s.},
  Year                     = {2004},
  Number                   = {1},
  Pages                    = {70--83},
  Volume                   = {50},

  Coden                    = {RMXFAT},
  Fjournal                 = {Revista Mexicana de F\'\i sica},
  ISSN                     = {0035-001X},
  Mrclass                  = {83C99 (34C20)},
  Mrnumber                 = {MR2045350 (2005h:83160)}
}

@InProceedings{Simpson:1991,
  Title                    = {Nonabelian {H}odge theory},
  Author                   = {Simpson, Carlos T.},
  Booktitle                = {Proceedings of the {I}nternational {C}ongress of {M}athematicians, {V}ol.\ {I}, {II} ({K}yoto, 1990)},
  Year                     = {1991},
  Pages                    = {747--756},
  Publisher                = {Math. Soc. Japan, Tokyo},

  Mrclass                  = {14C30 (14J60 22E40 32J27 58D27)},
  Mrnumber                 = {1159261},
  Mrreviewer               = {Richard M. Hain},
  Owner                    = {user},
  Timestamp                = {2017.03.29}
}

@Article{Simpson:1988,
  Title                    = {Constructing variations of {H}odge structure using
 {Y}ang-{M}ills theory and applications to uniformization},
  Author                   = {Simpson, Carlos T.},
  Journal                  = {J. Amer. Math. Soc.},
  Year                     = {1988},
  Number                   = {4},
  Pages                    = {867--918},
  Volume                   = {1},

  Doi                      = {10.2307/1990994},
  Fjournal                 = {Journal of the American Mathematical Society},
  ISSN                     = {0894-0347},
  Mrclass                  = {58E15 (32L15 53C25 53C55)},
  Mrnumber                 = {944577},
  Owner                    = {user},
  Timestamp                = {2018.06.25},
  Url                      = {https://doi.org/10.2307/1990994}
}

@Article{Singer:1959,
  Title                    = {The geometric interpretation of a special connection},
  Author                   = {Singer, Isadore M.},
  Journal                  = {Pacific J. Math.},
  Year                     = {1959},
  Pages                    = {585--590},
  Volume                   = {9},

  Fjournal                 = {Pacific Journal of Mathematics},
  ISSN                     = {0030-8730},
  Mrclass                  = {57.00 (53.00)},
  Mrnumber                 = {MR0111062 (22 \#1926)},
  Mrreviewer               = {F. Hirzebruch}
}

@Book{Siu:1974,
  Title                    = {Techniques of extension of analytic objects},
  Author                   = {Siu, Yum Tong},
  Publisher                = {Marcel Dekker Inc.},
  Year                     = {1974},

  Address                  = {New York},
  Note                     = {Lecture Notes in Pure and Applied Mathematics, Vol. 8},

  Mrclass                  = {32D15 (32C35)},
  Mrnumber                 = {MR0361154 (50 \#13600)},
  Mrreviewer               = {G. Trautmann},
  Pages                    = {iv+256}
}

@InCollection{Siu:2009,
  Title                    = {Abundance conjecture},
  Author                   = {Siu, Yum-Tong},
  Booktitle                = {Geometry and analysis. {N}o. 2},
  Publisher                = {Int. Press, Somerville, MA},
  Year                     = {2011},
  Pages                    = {271--317},
  Series                   = {Adv. Lect. Math. (ALM)},
  Volume                   = {18},

  Adsnote                  = {Provided by the SAO/NASA Astrophysics Data System},
  Adsurl                   = {http://adsabs.harvard.edu/abs/2009arXiv0912.0576S},
  Archiveprefix            = {arXiv},
  Eprint                   = {0912.0576},
  Keywords                 = {Mathematics - Algebraic Geometry, Mathematics - Complex Variables, 14E30, 32Q15},
  Mrclass                  = {14E30 (32L10 32Q15)},
  Mrnumber                 = {2882447},
  Mrreviewer               = {Thomas Eckl},
  Owner                    = {user},
  Primaryclass             = {math.AG},
  Timestamp                = {2016.08.10}
}

@Article{Spencer:1969,
  Title                    = {Overdetermined systems of linear partial differential equations},
  Author                   = {Spencer, Donald C.},
  Journal                  = {Bull. Amer. Math. Soc.},
  Year                     = {1969},
  Pages                    = {179--239},
  Volume                   = {75},

  Fjournal                 = {Bulletin of the American Mathematical Society},
  ISSN                     = {0002-9904},
  Mrclass                  = {57.70 (35.00)},
  Mrnumber                 = {MR0242200 (39 \#3533)},
  Mrreviewer               = {H. Kumano-go}
}

@Book{Spivak:1979a,
  Title                    = {A comprehensive introduction to differential geometry. {V}ol. {I}},
  Author                   = {Spivak, Michael},
  Publisher                = {Publish or Perish Inc.},
  Year                     = {1979},

  Address                  = {Wilmington, Del.},
  Edition                  = {Second},

  ISBN                     = {0-914098-83-7},
  Mrclass                  = {53-01},
  Mrnumber                 = {82g:53003a},
  Mrreviewer               = {M. A. Akivis},
  Pages                    = {xiv+668}
}

@Book{Spivak:1979b,
  Title                    = {A comprehensive introduction to differential geometry. {V}ol. {II}},
  Author                   = {Spivak, Michael},
  Publisher                = {Publish or Perish Inc.},
  Year                     = {1979},

  Address                  = {Wilmington, Del.},
  Edition                  = {Second},

  ISBN                     = {0-914098-83-7},
  Mrclass                  = {53-01},
  Mrnumber                 = {82g:53003b},
  Mrreviewer               = {M. A. Akivis},
  Pages                    = {xv+423}
}

@Book{Spivak:1979c,
  Title                    = {A comprehensive introduction to differential geometry. {V}ol. {III}},
  Author                   = {Spivak, Michael},
  Publisher                = {Publish or Perish Inc.},
  Year                     = {1979},

  Address                  = {Wilmington, Del.},
  Edition                  = {Second},

  ISBN                     = {0-914098-83-7},
  Mrclass                  = {53-01},
  Mrnumber                 = {82g:53003c},
  Mrreviewer               = {M. A. Akivis},
  Pages                    = {xii+466}
}

@Book{Spivak:1979d,
  Title                    = {A comprehensive introduction to differential geometry. {V}ol. {IV}},
  Author                   = {Spivak, Michael},
  Publisher                = {Publish or Perish Inc.},
  Year                     = {1979},

  Address                  = {Wilmington, Del.},
  Edition                  = {Second},

  ISBN                     = {0-914098-83-7},
  Mrclass                  = {53-01},
  Mrnumber                 = {82g:53003d},
  Mrreviewer               = {M. A. Akivis},
  Pages                    = {viii+561}
}

@Book{Spivak:1979e,
  Title                    = {A comprehensive introduction to differential geometry. {V}ol. {V}},
  Author                   = {Spivak, Michael},
  Publisher                = {Publish or Perish Inc.},
  Year                     = {1979},

  Address                  = {Wilmington, Del.},
  Edition                  = {Second},

  ISBN                     = {0-914098-83-7},
  Mrclass                  = {53-01},
  Mrnumber                 = {82g:53003e},
  Mrreviewer               = {M. A. Akivis},
  Pages                    = {viii+661}
}

@Book{Springer:2009,
  Title                    = {Linear algebraic groups},
  Author                   = {Springer, T. A.},
  Publisher                = {Birkh\"auser Boston, Inc., Boston, MA},
  Year                     = {2009},
  Edition                  = {second},
  Series                   = {Modern Birkh\"auser Classics},

  ISBN                     = {978-0-8176-4839-8},
  Mrclass                  = {20G15 (14L10)},
  Mrnumber                 = {2458469},
  Owner                    = {user},
  Pages                    = {xvi+334},
  Timestamp                = {2018.06.20}
}

@Book{Steenrod:1999,
  Title                    = {The topology of fibre bundles},
  Author                   = {Steenrod, Norman},
  Publisher                = {Princeton University Press},
  Year                     = {1999},

  Address                  = {Princeton, NJ},
  Note                     = {Reprint of the 1957 edition, Princeton Paperbacks},

  ISBN                     = {0-691-00548-6},
  Mrclass                  = {55-02 (01A75 55Rxx)},
  Mrnumber                 = {2000a:55001},
  Pages                    = {viii+229}
}

@Book{Steinsiek:1982a,
  Title                    = {\"{U}ber homogen-rationale {M}annigfaltigkeiten},
  Author                   = {Steinsiek, Manfred},
  Publisher                = {Universit\"at M\"unster Mathematisches Institut},
  Year                     = {1982},

  Address                  = {M\"unster},
  Series                   = {Schriftenreihe des Mathematischen Instituts der Universit\"at M\"unster, Ser. 2 [Series of the Mathematical Institute of the University of M\"unster, Ser. 2]},
  Volume                   = {23},

  Mrclass                  = {32M10 (32M05 53C30)},
  Mrnumber                 = {MR673379 (83k:32045b)},
  Mrreviewer               = {Yusuke Sakane},
  Pages                    = {v+55}
}

@Article{Steinsiek:1982b,
  Title                    = {Transformation groups on homogeneous-rational manifolds},
  Author                   = {Steinsiek, Manfred},
  Journal                  = {Math. Ann.},
  Year                     = {1982},
  Number                   = {4},
  Pages                    = {423--435},
  Volume                   = {260},

  Coden                    = {MAANA3},
  Fjournal                 = {Mathematische Annalen},
  ISSN                     = {0025-5831},
  Mrclass                  = {32M10 (32M05 53C30)},
  Mrnumber                 = {MR670191 (83k:32045a)},
  Mrreviewer               = {Yusuke Sakane}
}

@Book{Sternberg:1983,
  Title                    = {Lectures on differential geometry},
  Author                   = {Sternberg, Shlomo},
  Publisher                = {Chelsea Publishing Co.},
  Year                     = {1983},

  Address                  = {New York},
  Edition                  = {Second},
  Note                     = {With an appendix by Sternberg and Victor W. Guillemin},

  ISBN                     = {0-8284-0316-3},
  Mrclass                  = {58-01 (53-01)},
  Mrnumber                 = {MR891190 (88f:58001)},
  Pages                    = {xviii+442}
}

@Article{Sussmann:1973,
  Title                    = {Orbits of families of vector fields and integrability of distributions},
  Author                   = {Sussmann, H{\'e}ctor J.},
  Journal                  = {Trans. Amer. Math. Soc.},
  Year                     = {1973},
  Pages                    = {171--188},
  Volume                   = {180},

  Mrclass                  = {58A30 (53C10)},
  Mrnumber                 = {47 \#9666},
  Mrreviewer               = {A. Morimoto}
}

@Article{Tanaka:1979,
  Title                    = {On the equivalence problems associated with simple graded {L}ie algebras},
  Author                   = {Tanaka, Noboru},
  Journal                  = {Hokkaido Math. J.},
  Year                     = {1979},
  Number                   = {1},
  Pages                    = {23--84},
  Volume                   = {8},

  Coden                    = {HMAJDN},
  Fjournal                 = {Hokkaido Mathematical Journal},
  ISSN                     = {0385-4035},
  Mrclass                  = {53C10 (58H05)},
  Mrnumber                 = {MR533089 (80h:53034)},
  Mrreviewer               = {I. Kol{\'a}{\v{r}}}
}

@Article{Thomas/Yong:2006,
author={Thomas, Hugh and Yong, Alexander},
title={A combinatorial rule for (co)minuscule {S}chubert calculus},
journal={Adv. Math.}, 
volume={222},
number={2},
pages={596--620}, 
year={2009}
}

@Book{Thurston:1997,
  Title                    = {Three-dimensional geometry and topology. {V}ol. 1},
  Author                   = {Thurston, William P.},
  Publisher                = {Princeton University Press},
  Year                     = {1997},

  Address                  = {Princeton, NJ},
  Note                     = {Edited by Silvio Levy},
  Series                   = {Princeton Mathematical Series},
  Volume                   = {35},

  ISBN                     = {0-691-08304-5},
  Mrclass                  = {57M50 (53A35 57M25 57M60 57N10)},
  Mrnumber                 = {1435975 (97m:57016)},
  Mrreviewer               = {Athanase Papadopoulos},
  Owner                    = {ben},
  Pages                    = {x+311},
  Timestamp                = {2013.02.25}
}

@Article{Tits:1956,
  Title                    = {Les groupes de {L}ie exceptionnels et leur interpr\'etation g\'eom\'etrique},
  Author                   = {Tits, Jacques},
  Journal                  = {Bull. Soc. Math. Belg.},
  Year                     = {1956},
  Pages                    = {48--81},
  Volume                   = {8},

  Mrclass                  = {17.0X},
  Mrnumber                 = {MR0087889 (19,430d)},
  Mrreviewer               = {H. C. Wang}
}

@Article{Tits:1955,
  Title                    = {Sur certaines classes d'espaces homog\`enes de groupes de {L}ie},
  Author                   = {Tits, Jacques},
  Journal                  = {Acad. Roy. Belg. Cl. Sci. M\'em. Coll. in $8\sp \circ$},
  Year                     = {1955},
  Number                   = {3},
  Pages                    = {268},
  Volume                   = {29},

  Mrclass                  = {17.0X},
  Mrnumber                 = {MR0076286 (17,874f)},
  Mrreviewer               = {L. Auslander}
}

@Article{Tits:1954,
  Title                    = {\'{E}tude g\'eom\'etrique d'une classe d'espaces homog\`enes},
  Author                   = {Tits, Jacques},
  Journal                  = {C. R. Acad. Sci. Paris},
  Year                     = {1954},
  Pages                    = {466--468},
  Volume                   = {239},

  Mrclass                  = {20.0X},
  Mrnumber                 = {MR0066394 (16,568a)},
  Mrreviewer               = {H. C. Wang}
}

@Book{Ueno:1975,
  Title                    = {Classification theory of algebraic varieties and compact complex spaces},
  Author                   = {Ueno, Kenji},
  Publisher                = {Springer-Verlag, Berlin-New York},
  Year                     = {1975},
  Note                     = {Notes written in collaboration with P. Cherenack},
  Series                   = {Lecture Notes in Mathematics, Vol. 439},

  Mrclass                  = {14D20 (32J25)},
  Mrnumber                 = {0506253 (58 \#22062)},
  Mrreviewer               = {D. Lieberman},
  Owner                    = {ben},
  Pages                    = {xix+278},
  Timestamp                = {2014.06.30}
}

@Book{Varadarajan:1984,
  Title                    = {Lie groups, {L}ie algebras, and their representations},
  Author                   = {Varadarajan, V. S.},
  Publisher                = {Springer-Verlag, New York},
  Year                     = {1984},
  Note                     = {Reprint of the 1974 edition},
  Series                   = {Graduate Texts in Mathematics},
  Volume                   = {102},

  Doi                      = {10.1007/978-1-4612-1126-6},
  ISBN                     = {0-387-90969-9},
  Mrclass                  = {22-01 (17-01)},
  Mrnumber                 = {746308},
  Owner                    = {user},
  Pages                    = {xiii+430},
  Timestamp                = {2017.04.24},
  Url                      = {http://0-dx.doi.org.library.ucc.ie/10.1007/978-1-4612-1126-6}
}

@Article{Viehweg/Zuo:2007,
  Title                    = {Arakelov inequalities and the uniformization of certain rigid
 {S}himura varieties},
  Author                   = {Viehweg, Eckart and Zuo, Kang},
  Journal                  = {J. Differential Geom.},
  Year                     = {2007},
  Number                   = {2},
  Pages                    = {291--352},
  Volume                   = {77},

  Fjournal                 = {Journal of Differential Geometry},
  ISSN                     = {0022-040X},
  Mrclass                  = {14D07 (14G35 14K10)},
  Mrnumber                 = {2355786},
  Mrreviewer               = {Ulrich G\"ortz},
  Owner                    = {user},
  Timestamp                = {2018.06.25},
  Url                      = {http://projecteuclid.org/euclid.jdg/1191860396}
}

@Article{Viehweg/Zuo:2004,
  Title                    = {A characterization of certain {S}himura curves in the moduli
 stack of abelian varieties},
  Author                   = {Viehweg, Eckart and Zuo, Kang},
  Journal                  = {J. Differential Geom.},
  Year                     = {2004},
  Number                   = {2},
  Pages                    = {233--287},
  Volume                   = {66},

  Fjournal                 = {Journal of Differential Geometry},
  ISSN                     = {0022-040X},
  Mrclass                  = {14D07 (14G35 14K10)},
  Mrnumber                 = {2106125},
  Mrreviewer               = {Conjeeveram S. Rajan},
  Owner                    = {user},
  Timestamp                = {2018.06.25},
  Url                      = {http://projecteuclid.org/euclid.jdg/1102538611}
}

@Article{Vitter:1972,
  Title                    = {Affine structures on compact complex manifolds},
  Author                   = {Vitter, Al},
  Journal                  = {Invent. Math.},
  Year                     = {1972},
  Pages                    = {231--244},
  Volume                   = {17},

  Fjournal                 = {Inventiones Mathematicae},
  ISSN                     = {0020-9910},
  Mrclass                  = {53C15 (32C10)},
  Mrnumber                 = {0338998 (49 \#3761)},
  Mrreviewer               = {Y. Matsushima},
  Owner                    = {ben},
  Timestamp                = {2013.01.13}
}

@Unpublished{Vogel:2006,
  Title                    = {Existence of {E}ngel structures},
  Author                   = {Vogel, Thomas},
  Note                     = {to appear in Annals of Mathematics}
}

@Book{Voisin:2007a,
  Title                    = {Hodge theory and complex algebraic geometry. {I}},
  Author                   = {Voisin, Claire},
  Publisher                = {Cambridge University Press, Cambridge},
  Year                     = {2007},
  Edition                  = {English},
  Note                     = {Translated from the French by Leila Schneps},
  Series                   = {Cambridge Studies in Advanced Mathematics},
  Volume                   = {76},

  ISBN                     = {978-0-521-71801-1},
  Mrclass                  = {32J25 (14C30 14D07 32G20)},
  Mrnumber                 = {2451566},
  Owner                    = {user},
  Pages                    = {x+322},
  Timestamp                = {2018.06.26}
}

@Book{Voisin:2007b,
  Title                    = {Hodge theory and complex algebraic geometry. {II}},
  Author                   = {Voisin, Claire},
  Publisher                = {Cambridge University Press, Cambridge},
  Year                     = {2007},
  Edition                  = {English},
  Note                     = {Translated from the French by Leila Schneps},
  Series                   = {Cambridge Studies in Advanced Mathematics},
  Volume                   = {77},

  ISBN                     = {978-0-521-71802-8},
  Mrclass                  = {32J25 (14C30 14D07 32G20)},
  Mrnumber                 = {2449178},
  Owner                    = {user},
  Pages                    = {x+351},
  Timestamp                = {2018.06.26}
}

@PhdThesis{Wunschmann:1905,
  Title                    = {{\"U}ber {B}eruhrungsbedingungen bei {D}ifferentialgleichungen},
  Author                   = {W\"unschmann, K.},
  School                   = {Greifswald},
  Year                     = {1905}
}

@Article{Wang:1954,
  Title                    = {Closed manifolds with homogeneous complex structure},
  Author                   = {Wang, Hsien-Chung},
  Journal                  = {Amer. J. Math.},
  Year                     = {1954},
  Pages                    = {1--32},
  Volume                   = {76},

  Fjournal                 = {American Journal of Mathematics},
  ISSN                     = {0002-9327},
  Mrclass                  = {53.0X},
  Mrnumber                 = {MR0066011 (16,518a)},
  Mrreviewer               = {B. Eckmann}
}

@Article{Wehler:1982,
  Title                    = {Versal deformations for {H}opf surfaces},
  Author                   = {Wehler, Joachim},
  Journal                  = {J. Reine Ang. Math.},
  Year                     = {1981},
  Pages                    = {22--32},
  Volume                   = {328},

  Coden                    = {JRMAA8},
  ISSN                     = {0075-4102},
  Mrnumber                 = {MR636192 (84h:32025)},
  Mrreviewer               = {Author's review}
}

@Article{Yamaguchi:1993,
  Title                    = {Differential systems associated with simple {L}ie algebras},
  Author                   = {Yamaguchi, K.},
  Journal                  = {Advanced Studies in Pure Mathematics},
  Year                     = {1993},
  Pages                    = {413--494},
  Volume                   = {22}
}

@Article{Yau:1977,
  Title                    = {Calabi's conjecture and some new results in algebraic geometry},
  Author                   = {Yau, Shing Tung},
  Journal                  = {Proc. Nat. Acad. Sci. U.S.A.},
  Year                     = {1977},
  Number                   = {5},
  Pages                    = {1798--1799},
  Volume                   = {74},

  Mrclass                  = {53C55 (14M20 32C10)},
  Mrnumber                 = {MR0451180 (56 \#9467)},
  Mrreviewer               = {Bang-yen Chen}
}

@Article{Yau:1993,
  Title                    = {A splitting theorem and an algebraic geometric
 characterization of locally {H}ermitian symmetric spaces},
  Author                   = {Yau, Shing-Tung},
  Journal                  = {Comm. Anal. Geom.},
  Year                     = {1993},
  Number                   = {3-4},
  Pages                    = {473--486},
  Volume                   = {1},

  Doi                      = {10.4310/CAG.1993.v1.n3.a5},
  Fjournal                 = {Communications in Analysis and Geometry},
  ISSN                     = {1019-8385},
  Mrclass                  = {32L07 (32C17 53C07 53C55)},
  Mrnumber                 = {1266476},
  Mrreviewer               = {Kimio Miyajima},
  Owner                    = {user},
  Timestamp                = {2018.06.25},
  Url                      = {https://doi.org/10.4310/CAG.1993.v1.n3.a5}
}

@Article{Zhitomirskii:1990,
  Title                    = {Normal forms of germs of two-dimensional distributions on {${\bf R}\sp 4$}},
  Author                   = {Zhitomirski{\u\i}, M. Ya.},
  Journal                  = {Funktsional. Anal. i Prilozhen.},
  Year                     = {1990},
  Number                   = {2},
  Pages                    = {81--82},
  Volume                   = {24},

  Fjournal                 = {Akademiya Nauk SSSR. Funktsional\cprime ny\u\i\ Analiz i ego Prilozheniya},
  ISSN                     = {0374-1990},
  Mrclass                  = {58A30 (58F36)},
  Mrnumber                 = {MR1069412 (91g:58011)},
  Mrreviewer               = {V. Oproiu}
}

@InProceedings{Zimmer:1987,
  Title                    = {Actions of semisimple groups and discrete subgroups},
  Author                   = {Zimmer, Robert J.},
  Booktitle                = {Proceedings of the {I}nternational {C}ongress of {M}athematicians, {V}ol. 1, 2 ({B}erkeley, {C}alif., 1986)},
  Year                     = {1987},

  Address                  = {Providence, RI},
  Pages                    = {1247--1258},
  Publisher                = {Amer. Math. Soc.},

  Mrclass                  = {22E40 (57S15 57S20)},
  Mrnumber                 = {934329 (89j:22024)},
  Mrreviewer               = {S. G. Dani},
  Owner                    = {ben},
  Timestamp                = {2013.02.25}
}

@Book{Zuo:1999,
  Title                    = {Representations of fundamental groups of algebraic varieties},
  Author                   = {Zuo, Kang},
  Publisher                = {Springer-Verlag, Berlin},
  Year                     = {1999},
  Series                   = {Lecture Notes in Mathematics},
  Volume                   = {1708},

  ISBN                     = {3-540-66312-6},
  Mrclass                  = {14F35 (14E20 32J27 58E20)},
  Mrnumber                 = {1738433},
  Owner                    = {user},
  Pages                    = {viii+135},
  Timestamp                = {2016.08.09}
}

@Book{Chern:1989,
  Title                    = {Global differential geometry},
  Editor                   = {Chern, Shiing-shen},
  Publisher                = {Mathematical Association of America},
  Year                     = {1989},

  Address                  = {Washington, DC},
  Series                   = {MAA Studies in Mathematics},
  Volume                   = {27},

  ISBN                     = {0-88385-129-6},
  Mrclass                  = {53-06},
  Mrnumber                 = {90d:53003},
  Pages                    = {ii+354}
}

@Book{Grauert:1994,
  Title                    = {Several complex variables. {VII}},
  Editor                   = {Grauert, H. and Peternell, Th. and Remmert, R.},
  Publisher                = {Springer-Verlag, Berlin},
  Year                     = {1994},
  Note                     = {Sheaf-theoretical methods in complex analysis, A reprint of \emph{Current problems in mathematics. Fundamental directions. Vol. 74} (Russian), Vseross. Inst. Nauchn. i Tekhn. Inform. (VINITI), Moscow},
  Series                   = {Encyclopaedia of Mathematical Sciences},
  Volume                   = {74},

  Doi                      = {10.1007/978-3-662-09873-8},
  ISBN                     = {3-540-56259-1},
  Mrclass                  = {32-02 (32-06 32Cxx 32Dxx 32Fxx 32Jxx 32Lxx)},
  Mrnumber                 = {1326617},
  Mrreviewer               = {J. S. Joel},
  Owner                    = {user},
  Pages                    = {vi+369},
  Timestamp                = {2016.08.18},
  Url                      = {http://0-dx.doi.org.library.ucc.ie/10.1007/978-3-662-09873-8}
}

@Book{ORaifeartaigh:1997,
  Title                    = {The dawning of gauge theory},
  Editor                   = {Lochlainn O'Raifeartaigh},
  Publisher                = {Princeton University Press},
  Year                     = {1997},

  Address                  = {Princeton, NJ},
  Note                     = {Edited and with introductory essays by Lochlainn O'Raifeartaigh},
  Series                   = {Princeton Series in Physics},

  ISBN                     = {0-691-02978-4; 0-691-02977-6},
  Mrclass                  = {81T13 (01A60 81-03 81-06)},
  Mrnumber                 = {99b:81148},
  Mrreviewer               = {P. Mitra},
  Pages                    = {xii+250}
}

@Proceedings{Popov:2004,
  Title                    = {Algebraic transformation groups and algebraic varieties},
  Year                     = {2004},

  Address                  = {Berlin},
  Editor                   = {Popov, Vladimir L.},
  Note                     = {Invariant Theory and Algebraic Transformation Groups, III},
  Publisher                = {Springer-Verlag},
  Series                   = {Encyclopaedia of Mathematical Sciences},
  Volume                   = {132},

  Booktitle                = {Proceedings of the Conference on Interesting Algebraic Varieties Arising in Algebraic Transformation Group Theory held in Vienna, October 22--26, 2001},
  ISBN                     = {3-540-20838-0},
  Mrclass                  = {14-06},
  Mrnumber                 = {MR2089271 (2005d:14002)},
  Pages                    = {xii+238}
}

@Book{Vinberg:1994,
  Title                    = {Lie groups and {L}ie algebras, {III}},
  Editor                   = {Vinberg, \`E. B.},
  Publisher                = {Springer-Verlag, Berlin},
  Year                     = {1994},
  Note                     = {Structure of Lie groups and Lie algebras, A translation of {\emph{Current problems in mathematics. Fundamental directions. Vol. 41}} (Russian), Akad. Nauk SSSR, Vsesoyuz. Inst. Nauchn. i Tekhn. Inform., Moscow, 1990 [ MR1056485 (91b:22001)], Translation by V. Minachin [V. V. Minakhin], Translation edited by A. L. Onishchik and \`E. B. Vinberg},
  Series                   = {Encyclopaedia of Mathematical Sciences},
  Volume                   = {41},

  Doi                      = {10.1007/978-3-662-03066-0},
  ISBN                     = {3-540-54683-9},
  Mrclass                  = {22-06 (17-06 22Exx)},
  Mrnumber                 = {1349140},
  Owner                    = {user},
  Pages                    = {iv+248},
  Timestamp                = {2017.05.19},
  Url                      = {http://0-dx.doi.org.library.ucc.ie/10.1007/978-3-662-03066-0}
}

@article {Yildirim:2019,
    AUTHOR = {Yildirim, Emine},
     TITLE = {The {C}oxeter transformation on cominuscule posets},
   JOURNAL = {Algebr. Represent. Theory},
  FJOURNAL = {Algebras and Representation Theory},
    VOLUME = {22},
      YEAR = {2019},
    NUMBER = {3},
     PAGES = {699--722},
      ISSN = {1386-923X},
   MRCLASS = {16G70 (05E10 16G20 16G60 18G10)},
  MRNUMBER = {3951768},
MRREVIEWER = {Piotr Malicki},
       DOI = {10.1007/s10468-018-9795-3},
       URL = {https://doi.org/10.1007/s10468-018-9795-3},
}

@Misc{mckay2023introduction,
  author        = {Benjamin McKay},
  howpublished  = {\url{https://arxiv.org/abs/2302.14457}},
  title         = {An introduction to {C}artan geometries},
  year          = {2023},
  archiveprefix = {arXiv},
  eprint        = {2302.14457},
  primaryclass  = {math.DG},
}

@Misc{kumar2023nonexistence,
  author        = {Shrawan Kumar},
  howpublished  = {\url{https://arxiv.org/abs/2307.07018}},
  title         = {Nonexistence of regular maps between homogeneous projective varieties},
  year          = {2023},
  archiveprefix = {arXiv},
  eprint        = {2307.07018},
  primaryclass  = {math.AG},
}

@Misc{bakshi2023morphisms,
  author        = {Sarjick Bakshi and A J Parameswaran},
  howpublished  = {\url{https://arxiv.org/abs/2308.00286}},
  title         = {Morphisms from projective spaces to {$G/P$}},
  year          = {2023},
  archiveprefix = {arXiv},
  eprint        = {2308.00286},
  primaryclass  = {math.AG},
}

@Article{Griffiths:1974,
  author     = {Griffiths, P.},
  journal    = {Duke Math. J.},
  title      = {On {C}artan's method of {L}ie groups and moving frames as applied to uniqueness and existence questions in differential geometry},
  year       = {1974},
  issn       = {0012-7094,1547-7398},
  pages      = {775--814},
  volume     = {41},
  fjournal   = {Duke Mathematical Journal},
  mrclass    = {53C40 (32-02 58A05)},
  mrnumber   = {410607},
  mrreviewer = {Hung-Hsi\ Wu},
  url        = {http://projecteuclid.org/euclid.dmj/1077310738},
}

@Book{Jensen:1977,
  author     = {Jensen, Gary R.},
  publisher  = {Springer-Verlag, Berlin-New York},
  title      = {Higher order contact of submanifolds of homogeneous spaces},
  year       = {1977},
  isbn       = {3-540-08433-9},
  series     = {Lecture Notes in Mathematics},
  volume     = {Vol. 610},
  mrclass    = {53B25 (53A55)},
  mrnumber   = {500648},
  mrreviewer = {Rolf\ Sulanke},
  pages      = {xii+154},
}

@Book{Ivey.Landsberg:2016,
  author     = {Ivey, Thomas A. and Landsberg, Joseph M.},
  publisher  = {American Mathematical Society, Providence, RI},
  title      = {Cartan for beginners},
  year       = {2016},
  edition    = {Second},
  isbn       = {978-1-4704-0986-9},
  note       = {Differential geometry via moving frames and exterior differential systems},
  series     = {Graduate Studies in Mathematics},
  volume     = {175},
  doi        = {10.1090/gsm/175},
  mrclass    = {58A15 (53-01 53A20 53A30 53A55 53C10)},
  mrnumber   = {3586335},
  mrreviewer = {Thomas\ Garrity},
  pages      = {xviii + 453},
  url        = {https://doi.org/10.1090/gsm/175},
}

@Article{Bryant:1982,
  author     = {Bryant, Robert L.},
  journal    = {J. Differential Geometry},
  title      = {Submanifolds and special structures on the octonians},
  year       = {1982},
  issn       = {0022-040X,1945-743X},
  number     = {2},
  pages      = {185--232},
  volume     = {17},
  fjournal   = {Journal of Differential Geometry},
  mrclass    = {53C55 (22E99 53C40)},
  mrnumber   = {664494},
  mrreviewer = {Franco\ Tricerri},
  url        = {http://projecteuclid.org/euclid.jdg/1214436919},
}

@Misc{occhetta2023morphisms,
  author        = {Gianluca Occhetta and Eugenia Tondelli},
  howpublished  = {\url{https://arxiv.org/abs/2308.15221}},
  title         = {Morphisms between {G}rassmannians {II}},
  year          = {2023},
  archiveprefix = {arXiv},
  eprint        = {2308.15221},
  primaryclass  = {math.AG},
}

@Misc{naldi2022morphisms,
  author        = {Angelo Naldi and Gianluca Occhetta},
  howpublished  = {\url{https://arxiv.org/abs/2202.11411}},
  title         = {Morphisms between {G}rassmannians},
  year          = {2022},
  archiveprefix = {arXiv},
  eprint        = {2202.11411},
  primaryclass  = {math.AG},
}

@Article{Tango:1974,
  author     = {Tango, Hiroshi},
  journal    = {J. Math. Kyoto Univ.},
  title      = {On {$(n-1)$}-dimensional projective spaces contained in the {G}rassmann variety {${\rm Gr}(n,\,1)$}},
  year       = {1974},
  issn       = {0023-608X},
  pages      = {415--460},
  volume     = {14},
  doi        = {10.1215/kjm/1250523169},
  fjournal   = {Journal of Mathematics of Kyoto University},
  mrclass    = {14M15 (14N10)},
  mrnumber   = {371915},
  mrreviewer = {S.\ L.\ Kleiman},
  url        = {https://doi.org/10.1215/kjm/1250523169},
}

@Article{Tango:1976,
  author     = {Tango, Hiroshi},
  journal    = {J. Math. Kyoto Univ.},
  title      = {On morphisms from projective space {$P\sp{n}$} to the {G}rassmann variety {$G{\rm r}(n, d)$}},
  year       = {1976},
  issn       = {0023-608X},
  number     = {1},
  pages      = {201--207},
  volume     = {16},
  doi        = {10.1215/kjm/1250522969},
  fjournal   = {Journal of Mathematics of Kyoto University},
  mrclass    = {14M15 (14F05)},
  mrnumber   = {401787},
  mrreviewer = {S.\ Ramanan},
  url        = {https://doi.org/10.1215/kjm/1250522969},
}

@Article{Sierra:2021,
  author     = {Sierra, Jos\'{e} Carlos},
  journal    = {C. R. Math. Acad. Sci. Paris},
  title      = {On morphisms from {$\mathbb{P}^3$} to {$\mathbb{G}(1, 3)$}},
  year       = {2021},
  issn       = {1631-073X,1778-3569},
  pages      = {853--860},
  volume     = {359},
  doi        = {10.5802/crmath.219},
  fjournal   = {Comptes Rendus Math\'{e}matique. Acad\'{e}mie des Sciences. Paris},
  mrclass    = {14J60 (14M15 14N05)},
  mrnumber   = {4322984},
  mrreviewer = {Alfonso\ Zamora},
  url        = {https://doi.org/10.5802/crmath.219},
}

@Article{Tits:1966,
  author     = {Tits, J.},
  journal    = {J. Algebra},
  title      = {Normalisateurs de tores. {I}. {G}roupes de {C}oxeter \'{e}tendus},
  year       = {1966},
  issn       = {0021-8693},
  pages      = {96--116},
  volume     = {4},
  doi        = {10.1016/0021-8693(66)90053-6},
  fjournal   = {Journal of Algebra},
  mrclass    = {20.75},
  mrnumber   = {206117},
  mrreviewer = {Rimhak\ Ree},
  url        = {https://doi.org/10.1016/0021-8693(66)90053-6},
}

@Article{Sancho:2003,
  author       = {Carlos Sancho De Salas},
  journal      = {Transactions of the American Mathematical Society},
  title        = {Complete Homogeneous Varieties: Structure and Classification},
  year         = {2003},
  issn         = {00029947},
  number       = {9},
  pages        = {3651--3667},
  volume       = {355},
  abstract     = {Homogeneous varieties are those whose group of automorphisms acts transitively on them. In this paper we prove that any complete homogeneous variety splits in a unique way as a product of an abelian variety and a parabolic variety. This is obtained by proving a rigidity theorem for the parabolic subgroups of a linear group. Finally, using the results of Wenzel on the classification of parabolic subgroups of a linear group and the results of Demazure on the automorphisms of a flag variety, we obtain the classification of the parabolic varieties (in characteristic different from 2, 3). This, together with the moduli of abelian varieties, concludes the classification of the complete homogeneous varieties.},
  howpublished = {\url{http://www.jstor.org/stable/1194858}},
  publisher    = {American Mathematical Society},
  url          = {http://www.jstor.org/stable/1194858},
  urldate      = {2023-09-05},
}

@Book{Kambayashi/Miyanishi/Takeuchi:1974,
  author     = {Kambayashi, Tatsuji and Miyanishi, Masayoshi and Takeuchi, Mitsuhiro},
  publisher  = {Springer-Verlag, Berlin-New York},
  title      = {Unipotent algebraic groups},
  year       = {1974},
  series     = {Lecture Notes in Mathematics},
  volume     = {Vol. 414},
  mrclass    = {14L15 (14G05 14M20)},
  mrnumber   = {376696},
  mrreviewer = {Lucile\ B\'{e}gueri},
  pages      = {v+165},
}

@Book{Demazure/Gabriel:1970,
  author     = {Demazure, Michel and Gabriel, Pierre},
  publisher  = {Masson \& Cie, \'{E}diteurs, Paris; North-Holland Publishing Co., Amsterdam},
  title      = {Groupes alg\'{e}briques. {T}ome {I}: {G}\'{e}om\'{e}trie alg\'{e}brique, g\'{e}n\'{e}ralit\'{e}s, groupes commutatifs},
  year       = {1970},
  note       = {Avec un appendice {\it Corps de classes local} par Michiel Hazewinkel},
  mrclass    = {14L15 (20G35)},
  mrnumber   = {302656},
  mrreviewer = {J.-E.\ Bertin},
  pages      = {xxvi+700},
}

@Article{Ringel2013,
  author        = {Ringel, Claus Michael},
  journal       = {arXiv e-prints},
  title         = {The root posets and their rich antichains},
  year          = {2013},
  month         = {Jun},
  pages         = {arXiv:1306.1593},
  adsnote       = {Provided by the SAO/NASA Astrophysics Data System},
  adsurl        = {https://ui.adsabs.harvard.edu/abs/2013arXiv1306.1593R},
  archiveprefix = {arXiv},
  eid           = {arXiv:1306.1593},
  eprint        = {1306.1593},
  keywords      = {Mathematics - Combinatorics, Mathematics - Representation Theory},
  primaryclass  = {math.CO},
}

@Article{Tits:1962,
  author     = {Tits, J.},
  journal    = {Comment. Math. Helv.},
  title      = {Espaces homog\`enes complexes compacts},
  year       = {1962/63},
  issn       = {0010-2571,1420-8946},
  pages      = {111--120},
  volume     = {37},
  doi        = {10.1007/BF02566965},
  fjournal   = {Commentarii Mathematici Helvetici},
  mrclass    = {22.70 (32.32)},
  mrnumber   = {154299},
  mrreviewer = {W.\ M.\ Boothby},
  url        = {https://doi.org/10.1007/BF02566965},
}

@Book{Billey/Lakshmibai:2000,
  author     = {Billey, Sara and Lakshmibai, V.},
  publisher  = {Birkh\"auser Boston, Inc., Boston, MA},
  title      = {Singular loci of {S}chubert varieties},
  year       = {2000},
  isbn       = {0-8176-4092-4},
  series     = {Progress in Mathematics},
  volume     = {182},
  doi        = {10.1007/978-1-4612-1324-6},
  mrclass    = {14M15 (14L35 20F55 20G05)},
  mrnumber   = {1782635},
  mrreviewer = {Michel\ Brion},
  pages      = {xii+251},
  url        = {https://doi.org/10.1007/978-1-4612-1324-6},
}

@Book{Kunz:2013,
  author    = {Kunz, Ernst},
  publisher = {Birkh\"auser/Springer, New York},
  title     = {Introduction to commutative algebra and algebraic geometry},
  year      = {2013},
  isbn      = {978-1-4614-5986-6; 978-1-4614-5987-3},
  note      = {Translated from the 1980 German original [MR0562105] by Michael Ackerman, With a preface by David Mumford, Reprint of the 1985 edition [MR0789602]},
  series    = {Modern Birkh\"auser Classics},
  doi       = {10.1007/978-1-4614-5987-3},
  mrclass   = {14-01 (13-01)},
  mrnumber  = {2977456},
  pages     = {xiv+238},
  url       = {https://doi.org/10.1007/978-1-4614-5987-3},
}

@Misc{Knutson:2022,
  author       = {Allen Knutson (https://mathoverflow.net/users/391/allen-knutson)},
  howpublished = {MathOverflow},
  note         = {URL:https://mathoverflow.net/q/172033 (version: 2022-06-21)},
  title        = {Which linear combinations of simple roots are roots},
  eprint       = {https://mathoverflow.net/q/172033},
  url          = {https://mathoverflow.net/q/172033},
}

@Book{Humphreys:1978,
  author     = {Humphreys, James E.},
  publisher  = {Springer-Verlag, New York-Berlin},
  title      = {Introduction to {L}ie algebras and representation theory},
  year       = {1978},
  isbn       = {0-387-90053-5},
  note       = {Second printing, revised},
  series     = {Graduate Texts in Mathematics},
  volume     = {9},
  mrclass    = {17Bxx},
  mrnumber   = {499562},
  mrreviewer = {I.\ P.\ Shestakov},
  pages      = {xii+171},
}

@Article{Borel:1954,
  author     = {Borel, Armand},
  journal    = {Proc. Nat. Acad. Sci. U.S.A.},
  title      = {K\"ahlerian coset spaces of semisimple {L}ie groups},
  year       = {1954},
  issn       = {0027-8424},
  pages      = {1147--1151},
  volume     = {40},
  doi        = {10.1073/pnas.40.12.1147},
  fjournal   = {Proceedings of the National Academy of Sciences of the United States of America},
  mrclass    = {17.0X},
  mrnumber   = {77878},
  mrreviewer = {A.\ Lichnerowicz},
  url        = {https://doi.org/10.1073/pnas.40.12.1147},
}

@Book{Wolf:2011,
  author    = {Wolf, Joseph A.},
  publisher = {AMS Chelsea Publishing, Providence, RI},
  title     = {Spaces of constant curvature},
  year      = {2011},
  edition   = {Sixth},
  isbn      = {978-0-8218-5282-8},
  doi       = {10.1090/chel/372},
  mrclass   = {53-02 (53C30)},
  mrnumber  = {2742530},
  pages     = {xviii+424},
  url       = {https://doi.org/10.1090/chel/372},
}

@Article{Landsberg/Manivel:2003,
  author     = {Landsberg, Joseph M. and Manivel, Laurent},
  journal    = {Comment. Math. Helv.},
  title      = {On the projective geometry of rational homogeneous varieties},
  year       = {2003},
  issn       = {0010-2571,1420-8946},
  number     = {1},
  pages      = {65--100},
  volume     = {78},
  doi        = {10.1007/s000140300003},
  fjournal   = {Commentarii Mathematici Helvetici},
  mrclass    = {14M15 (20G05)},
  mrnumber   = {1966752},
  mrreviewer = {Dmitri\ I.\ Panyushev},
  url        = {https://doi.org/10.1007/s000140300003},
}

@Book{Bourbaki:2003,
  author    = {Bourbaki, Nicolas},
  publisher = {Springer-Verlag, Berlin},
  title     = {Algebra {II}. {C}hapters 4--7},
  year      = {2003},
  edition   = {French},
  isbn      = {3-540-00706-7},
  series    = {Elements of Mathematics (Berlin)},
  doi       = {10.1007/978-3-642-61698-3},
  mrclass   = {00A05 (12-01 13-01)},
  mrnumber  = {1994218},
  pages     = {viii+461},
  url       = {https://doi.org/10.1007/978-3-642-61698-3},
}

@Article{Murphy:1992,
  author     = {Murphy, Gerard J.},
  journal    = {Irish Math. Soc. Bull.},
  title      = {Partially ordered groups},
  year       = {1992},
  issn       = {0791-5578},
  number     = {28},
  pages      = {11--19},
  fjournal   = {Irish Mathematical Society Bulletin},
  mrclass    = {06F15 (20F60 46A40 46L05 46L80)},
  mrnumber   = {1205442},
  mrreviewer = {S.\ J.\ Bernau},
}

@Book{Matsumura:1989,
  author    = {Matsumura, Hideyuki},
  publisher = {Cambridge University Press, Cambridge},
  title     = {Commutative ring theory},
  year      = {1989},
  edition   = {Second},
  isbn      = {0-521-36764-6},
  note      = {Translated from the Japanese by M. Reid},
  series    = {Cambridge Studies in Advanced Mathematics},
  volume    = {8},
  mrclass   = {13-01},
  mrnumber  = {1011461},
  pages     = {xiv+320},
}

@Book{Lang:2002,
  author    = {Lang, Serge},
  publisher = {Springer-Verlag, New York},
  title     = {Algebra},
  year      = {2002},
  edition   = {third},
  isbn      = {0-387-95385-X},
  series    = {Graduate Texts in Mathematics},
  volume    = {211},
  doi       = {10.1007/978-1-4613-0041-0},
  mrclass   = {00A05 (15-02)},
  mrnumber  = {1878556},
  pages     = {xvi+914},
  url       = {https://doi.org/10.1007/978-1-4613-0041-0},
}

@Article{Plotkin/Semenov/Vavilov:1998,
  author     = {Plotkin, Eugene and Semenov, Andrei and Vavilov, Nikolai},
  journal    = {Internat. J. Algebra Comput.},
  title      = {Visual basic representations: an atlas},
  year       = {1998},
  issn       = {0218-1967,1793-6500},
  number     = {1},
  pages      = {61--95},
  volume     = {8},
  doi        = {10.1142/S0218196798000053},
  fjournal   = {International Journal of Algebra and Computation},
  mrclass    = {17B10 (17B20 20G05)},
  mrnumber   = {1492062},
  mrreviewer = {Hartmut\ Schlosser},
  url        = {https://doi.org/10.1142/S0218196798000053},
}

@Book{Rosenfeld:1997,
  author     = {Rosenfeld, Boris},
  publisher  = {Kluwer Academic Publishers Group, Dordrecht},
  title      = {Geometry of {L}ie groups},
  year       = {1997},
  isbn       = {0-7923-4390-5},
  series     = {Mathematics and its Applications},
  volume     = {393},
  doi        = {10.1007/978-1-4757-5325-7},
  mrclass    = {53-02 (22-02 51-02)},
  mrnumber   = {1443207},
  mrreviewer = {O.\ Kowalski},
  pages      = {xviii+393},
  url        = {https://doi.org/10.1007/978-1-4757-5325-7},
}

@Misc{Conrad:2017,
  author = {Conrad, Brian},
  note   = {typed by Sam Lichtenstein},
  title  = {Notes from {B}rian {C}onrad’s course on Linear Algebraic Groups at {S}tanford, Winter 2010},
  year   = {2017},
  pages  = {1--66},
  url    = {https://virtualmath1.stanford.edu/~conrad/249BW16Page/handouts/alggroups.pdf},
}

@Article{Tirao/Wolf:1970,
  author     = {Tirao, Juan A. and Wolf, Joseph A.},
  journal    = {Indiana Univ. Math. J.},
  title      = {Homogeneous holomorphic vector bundles},
  year       = {1970/71},
  issn       = {0022-2518,1943-5258},
  pages      = {15--31},
  volume     = {20},
  doi        = {10.1512/iumj.1970.20.20002},
  fjournal   = {Indiana University Mathematics Journal},
  mrclass    = {57.45 (22.00)},
  mrnumber   = {263110},
  mrreviewer = {R.\ L. E. Schwarzenberger},
  url        = {https://doi.org/10.1512/iumj.1970.20.20002},
}

@Comment{jabref-meta: databaseType:bibtex;}
